%YAML 1.1
%TAG !u! tag:unity3d.com,2011:
--- !u!1001 &100100000
Prefab:
  m_ObjectHideFlags: 1
  serializedVersion: 2
  m_Modification:
    m_TransformParent: {fileID: 0}
    m_Modifications: []
    m_RemovedComponents: []
  m_ParentPrefab: {fileID: 0}
  m_RootGameObject: {fileID: 1000013887705570}
  m_IsPrefabParent: 1
--- !u!1 &1000013887705570
GameObject:
  m_ObjectHideFlags: 0
  m_PrefabParentObject: {fileID: 0}
  m_PrefabInternal: {fileID: 100100000}
  serializedVersion: 5
  m_Component:
  - component: {fileID: 4000010603887436}
  - component: {fileID: 95000012934082762}
  - component: {fileID: 54000010518868284}
  - component: {fileID: 114000013387867846}
  - component: {fileID: 114000012831956520}
  - component: {fileID: 114001204528874642}
  - component: {fileID: 114229343633756198}
  - component: {fileID: 114261681114323058}
  m_Layer: 20
  m_Name: Tiger Albine
  m_TagString: Player
  m_Icon: {fileID: 0}
  m_NavMeshLayer: 0
  m_StaticEditorFlags: 0
  m_IsActive: 1
--- !u!1 &1005905557477154
GameObject:
  m_ObjectHideFlags: 1
  m_PrefabParentObject: {fileID: 0}
  m_PrefabInternal: {fileID: 100100000}
  serializedVersion: 5
  m_Component:
  - component: {fileID: 4751558933962006}
  m_Layer: 20
  m_Name: Eye R
  m_TagString: Untagged
  m_Icon: {fileID: 0}
  m_NavMeshLayer: 0
  m_StaticEditorFlags: 0
  m_IsActive: 1
--- !u!1 &1017801391839792
GameObject:
  m_ObjectHideFlags: 1
  m_PrefabParentObject: {fileID: 0}
  m_PrefabInternal: {fileID: 100100000}
  serializedVersion: 5
  m_Component:
  - component: {fileID: 4806524430328542}
  m_Layer: 20
  m_Name: Tail2
  m_TagString: Untagged
  m_Icon: {fileID: 0}
  m_NavMeshLayer: 0
  m_StaticEditorFlags: 0
  m_IsActive: 1
--- !u!1 &1046690719600634
GameObject:
  m_ObjectHideFlags: 1
  m_PrefabParentObject: {fileID: 0}
  m_PrefabInternal: {fileID: 100100000}
  serializedVersion: 5
  m_Component:
  - component: {fileID: 4638876504510042}
  m_Layer: 20
  m_Name: Tail1
  m_TagString: Untagged
  m_Icon: {fileID: 0}
  m_NavMeshLayer: 0
  m_StaticEditorFlags: 0
  m_IsActive: 1
--- !u!1 &1060895957301334
GameObject:
  m_ObjectHideFlags: 0
  m_PrefabParentObject: {fileID: 0}
  m_PrefabInternal: {fileID: 100100000}
  serializedVersion: 5
  m_Component:
  - component: {fileID: 4804349648409136}
  - component: {fileID: 114304068804497430}
  m_Layer: 20
  m_Name: PivotChest
  m_TagString: Untagged
  m_Icon: {fileID: 0}
  m_NavMeshLayer: 0
  m_StaticEditorFlags: 0
  m_IsActive: 1
--- !u!1 &1106851814005282
GameObject:
  m_ObjectHideFlags: 1
  m_PrefabParentObject: {fileID: 0}
  m_PrefabInternal: {fileID: 100100000}
  serializedVersion: 5
  m_Component:
  - component: {fileID: 4227447180789238}
  - component: {fileID: 135675065227481942}
  - component: {fileID: 114382891985860144}
  - component: {fileID: 114675036426630386}
  m_Layer: 1
  m_Name: Track LHand
  m_TagString: Untagged
  m_Icon: {fileID: 0}
  m_NavMeshLayer: 0
  m_StaticEditorFlags: 0
  m_IsActive: 1
--- !u!1 &1113913725913282
GameObject:
  m_ObjectHideFlags: 1
  m_PrefabParentObject: {fileID: 0}
  m_PrefabInternal: {fileID: 100100000}
  serializedVersion: 5
  m_Component:
  - component: {fileID: 4171173529399694}
  m_Layer: 20
  m_Name: L Forearm
  m_TagString: Untagged
  m_Icon: {fileID: 0}
  m_NavMeshLayer: 0
  m_StaticEditorFlags: 0
  m_IsActive: 1
--- !u!1 &1132230105722552
GameObject:
  m_ObjectHideFlags: 1
  m_PrefabParentObject: {fileID: 0}
  m_PrefabInternal: {fileID: 100100000}
  serializedVersion: 5
  m_Component:
  - component: {fileID: 4875928739537354}
  - component: {fileID: 135350900707951468}
  - component: {fileID: 114665133534633988}
  - component: {fileID: 114808788362661730}
  m_Layer: 1
  m_Name: Track LFoot
  m_TagString: Untagged
  m_Icon: {fileID: 0}
  m_NavMeshLayer: 0
  m_StaticEditorFlags: 0
  m_IsActive: 1
--- !u!1 &1142861206151592
GameObject:
  m_ObjectHideFlags: 0
  m_PrefabParentObject: {fileID: 0}
  m_PrefabInternal: {fileID: 100100000}
  serializedVersion: 5
  m_Component:
  - component: {fileID: 4687384066000520}
  m_Layer: 20
  m_Name: CG
  m_TagString: Untagged
  m_Icon: {fileID: 0}
  m_NavMeshLayer: 0
  m_StaticEditorFlags: 0
  m_IsActive: 1
--- !u!1 &1270721652655280
GameObject:
  m_ObjectHideFlags: 1
  m_PrefabParentObject: {fileID: 0}
  m_PrefabInternal: {fileID: 100100000}
  serializedVersion: 5
  m_Component:
  - component: {fileID: 4058221762230502}
  - component: {fileID: 136426896624651832}
  m_Layer: 20
  m_Name: Spine1
  m_TagString: Untagged
  m_Icon: {fileID: 0}
  m_NavMeshLayer: 0
  m_StaticEditorFlags: 0
  m_IsActive: 1
--- !u!1 &1271134973477218
GameObject:
  m_ObjectHideFlags: 1
  m_PrefabParentObject: {fileID: 0}
  m_PrefabInternal: {fileID: 100100000}
  serializedVersion: 5
  m_Component:
  - component: {fileID: 4098164396477330}
  m_Layer: 20
  m_Name: R Calf
  m_TagString: Untagged
  m_Icon: {fileID: 0}
  m_NavMeshLayer: 0
  m_StaticEditorFlags: 0
  m_IsActive: 1
--- !u!1 &1296213010076820
GameObject:
  m_ObjectHideFlags: 1
  m_PrefabParentObject: {fileID: 0}
  m_PrefabInternal: {fileID: 100100000}
  serializedVersion: 5
  m_Component:
  - component: {fileID: 4169263373901120}
  - component: {fileID: 136514535135368970}
  m_Layer: 20
  m_Name: Spine2
  m_TagString: Untagged
  m_Icon: {fileID: 0}
  m_NavMeshLayer: 0
  m_StaticEditorFlags: 0
  m_IsActive: 1
--- !u!1 &1322644226067922
GameObject:
  m_ObjectHideFlags: 1
  m_PrefabParentObject: {fileID: 0}
  m_PrefabInternal: {fileID: 100100000}
  serializedVersion: 5
  m_Component:
  - component: {fileID: 4901678234509730}
  m_Layer: 20
  m_Name: R Thigh
  m_TagString: Untagged
  m_Icon: {fileID: 0}
  m_NavMeshLayer: 0
  m_StaticEditorFlags: 0
  m_IsActive: 1
--- !u!1 &1325851660798774
GameObject:
  m_ObjectHideFlags: 1
  m_PrefabParentObject: {fileID: 0}
  m_PrefabInternal: {fileID: 100100000}
  serializedVersion: 5
  m_Component:
  - component: {fileID: 4309965282327460}
  m_Layer: 20
  m_Name: Ear R
  m_TagString: Untagged
  m_Icon: {fileID: 0}
  m_NavMeshLayer: 0
  m_StaticEditorFlags: 0
  m_IsActive: 1
--- !u!1 &1333000432162346
GameObject:
  m_ObjectHideFlags: 1
  m_PrefabParentObject: {fileID: 0}
  m_PrefabInternal: {fileID: 100100000}
  serializedVersion: 5
  m_Component:
  - component: {fileID: 4862583953897478}
  m_Layer: 20
  m_Name: L Foot
  m_TagString: Untagged
  m_Icon: {fileID: 0}
  m_NavMeshLayer: 0
  m_StaticEditorFlags: 0
  m_IsActive: 1
--- !u!1 &1338921740586064
GameObject:
  m_ObjectHideFlags: 1
  m_PrefabParentObject: {fileID: 0}
  m_PrefabInternal: {fileID: 100100000}
  serializedVersion: 5
  m_Component:
  - component: {fileID: 4665969738621236}
  - component: {fileID: 135144648908263944}
  - component: {fileID: 114321306634379060}
  - component: {fileID: 114884740621959968}
  m_Layer: 1
  m_Name: Track RHand
  m_TagString: Untagged
  m_Icon: {fileID: 0}
  m_NavMeshLayer: 0
  m_StaticEditorFlags: 0
  m_IsActive: 1
--- !u!1 &1359447589607594
GameObject:
  m_ObjectHideFlags: 1
  m_PrefabParentObject: {fileID: 0}
  m_PrefabInternal: {fileID: 100100000}
  serializedVersion: 5
  m_Component:
  - component: {fileID: 4696377037186176}
  - component: {fileID: 135385951174221612}
  - component: {fileID: 114594383240524222}
  m_Layer: 2
  m_Name: Attack Trigger Claw R
  m_TagString: Untagged
  m_Icon: {fileID: 0}
  m_NavMeshLayer: 0
  m_StaticEditorFlags: 0
  m_IsActive: 1
--- !u!1 &1363645561588768
GameObject:
  m_ObjectHideFlags: 1
  m_PrefabParentObject: {fileID: 0}
  m_PrefabInternal: {fileID: 100100000}
  serializedVersion: 5
  m_Component:
  - component: {fileID: 4548196318277198}
  m_Layer: 20
  m_Name: Tail4
  m_TagString: Untagged
  m_Icon: {fileID: 0}
  m_NavMeshLayer: 0
  m_StaticEditorFlags: 0
  m_IsActive: 1
--- !u!1 &1391660451424206
GameObject:
  m_ObjectHideFlags: 1
  m_PrefabParentObject: {fileID: 0}
  m_PrefabInternal: {fileID: 100100000}
  serializedVersion: 5
  m_Component:
  - component: {fileID: 4668526518864832}
  - component: {fileID: 136863225584340922}
  m_Layer: 20
  m_Name: Head
  m_TagString: Untagged
  m_Icon: {fileID: 0}
  m_NavMeshLayer: 0
  m_StaticEditorFlags: 0
  m_IsActive: 1
--- !u!1 &1395787898626302
GameObject:
  m_ObjectHideFlags: 1
  m_PrefabParentObject: {fileID: 0}
  m_PrefabInternal: {fileID: 100100000}
  serializedVersion: 5
  m_Component:
  - component: {fileID: 4035495271577096}
  m_Layer: 20
  m_Name: Jaw
  m_TagString: Untagged
  m_Icon: {fileID: 0}
  m_NavMeshLayer: 0
  m_StaticEditorFlags: 0
  m_IsActive: 1
--- !u!1 &1402638711905570
GameObject:
  m_ObjectHideFlags: 1
  m_PrefabParentObject: {fileID: 0}
  m_PrefabInternal: {fileID: 100100000}
  serializedVersion: 5
  m_Component:
  - component: {fileID: 4041167656113008}
  m_Layer: 20
  m_Name: L HorseLink
  m_TagString: Untagged
  m_Icon: {fileID: 0}
  m_NavMeshLayer: 0
  m_StaticEditorFlags: 0
  m_IsActive: 1
--- !u!1 &1416766092071094
GameObject:
  m_ObjectHideFlags: 1
  m_PrefabParentObject: {fileID: 0}
  m_PrefabInternal: {fileID: 100100000}
  serializedVersion: 5
  m_Component:
  - component: {fileID: 4218628724732058}
  m_Layer: 20
  m_Name: L Calf
  m_TagString: Untagged
  m_Icon: {fileID: 0}
  m_NavMeshLayer: 0
  m_StaticEditorFlags: 0
  m_IsActive: 1
--- !u!1 &1438512982898068
GameObject:
  m_ObjectHideFlags: 1
  m_PrefabParentObject: {fileID: 0}
  m_PrefabInternal: {fileID: 100100000}
  serializedVersion: 5
  m_Component:
  - component: {fileID: 4861410765618698}
  m_Layer: 20
  m_Name: R Clavicle
  m_TagString: Untagged
  m_Icon: {fileID: 0}
  m_NavMeshLayer: 0
  m_StaticEditorFlags: 0
  m_IsActive: 1
--- !u!1 &1440827396522428
GameObject:
  m_ObjectHideFlags: 1
  m_PrefabParentObject: {fileID: 0}
  m_PrefabInternal: {fileID: 100100000}
  serializedVersion: 5
  m_Component:
  - component: {fileID: 4685526395936154}
  m_Layer: 20
  m_Name: R Hand
  m_TagString: Untagged
  m_Icon: {fileID: 0}
  m_NavMeshLayer: 0
  m_StaticEditorFlags: 0
  m_IsActive: 1
--- !u!1 &1443051109523746
GameObject:
  m_ObjectHideFlags: 1
  m_PrefabParentObject: {fileID: 0}
  m_PrefabInternal: {fileID: 100100000}
  serializedVersion: 5
  m_Component:
  - component: {fileID: 4256588659249622}
  m_Layer: 20
  m_Name: R HorseLink
  m_TagString: Untagged
  m_Icon: {fileID: 0}
  m_NavMeshLayer: 0
  m_StaticEditorFlags: 0
  m_IsActive: 1
--- !u!1 &1462051928437244
GameObject:
  m_ObjectHideFlags: 1
  m_PrefabParentObject: {fileID: 0}
  m_PrefabInternal: {fileID: 100100000}
  serializedVersion: 5
  m_Component:
  - component: {fileID: 4398219495943226}
  m_Layer: 20
  m_Name: Pelvis
  m_TagString: Untagged
  m_Icon: {fileID: 0}
  m_NavMeshLayer: 0
  m_StaticEditorFlags: 0
  m_IsActive: 1
--- !u!1 &1514828963609110
GameObject:
  m_ObjectHideFlags: 1
  m_PrefabParentObject: {fileID: 0}
  m_PrefabInternal: {fileID: 100100000}
  serializedVersion: 5
  m_Component:
  - component: {fileID: 4264625340092106}
  m_Layer: 20
  m_Name: Neck
  m_TagString: Untagged
  m_Icon: {fileID: 0}
  m_NavMeshLayer: 0
  m_StaticEditorFlags: 0
  m_IsActive: 1
--- !u!1 &1528263182911766
GameObject:
  m_ObjectHideFlags: 1
  m_PrefabParentObject: {fileID: 0}
  m_PrefabInternal: {fileID: 100100000}
  serializedVersion: 5
  m_Component:
  - component: {fileID: 4086159074841150}
  m_Layer: 20
  m_Name: L Thigh
  m_TagString: Untagged
  m_Icon: {fileID: 0}
  m_NavMeshLayer: 0
  m_StaticEditorFlags: 0
  m_IsActive: 1
--- !u!1 &1577829292273786
GameObject:
  m_ObjectHideFlags: 1
  m_PrefabParentObject: {fileID: 0}
  m_PrefabInternal: {fileID: 100100000}
  serializedVersion: 5
  m_Component:
  - component: {fileID: 4131139274541198}
  - component: {fileID: 136330530576137826}
  m_Layer: 20
  m_Name: Spine
  m_TagString: Untagged
  m_Icon: {fileID: 0}
  m_NavMeshLayer: 0
  m_StaticEditorFlags: 0
  m_IsActive: 1
--- !u!1 &1598001573707226
GameObject:
  m_ObjectHideFlags: 1
  m_PrefabParentObject: {fileID: 0}
  m_PrefabInternal: {fileID: 100100000}
  serializedVersion: 5
  m_Component:
  - component: {fileID: 4744039002000166}
  m_Layer: 20
  m_Name: R Forearm
  m_TagString: Untagged
  m_Icon: {fileID: 0}
  m_NavMeshLayer: 0
  m_StaticEditorFlags: 0
  m_IsActive: 1
--- !u!1 &1600627951200694
GameObject:
  m_ObjectHideFlags: 1
  m_PrefabParentObject: {fileID: 0}
  m_PrefabInternal: {fileID: 100100000}
  serializedVersion: 5
  m_Component:
  - component: {fileID: 4431346341509716}
  m_Layer: 20
  m_Name: R UpperArm
  m_TagString: Untagged
  m_Icon: {fileID: 0}
  m_NavMeshLayer: 0
  m_StaticEditorFlags: 0
  m_IsActive: 1
--- !u!1 &1606186792632056
GameObject:
  m_ObjectHideFlags: 1
  m_PrefabParentObject: {fileID: 0}
  m_PrefabInternal: {fileID: 100100000}
  serializedVersion: 5
  m_Component:
  - component: {fileID: 4459513590096606}
  m_Layer: 20
  m_Name: L Clavicle
  m_TagString: Untagged
  m_Icon: {fileID: 0}
  m_NavMeshLayer: 0
  m_StaticEditorFlags: 0
  m_IsActive: 1
--- !u!1 &1611764037765274
GameObject:
  m_ObjectHideFlags: 0
  m_PrefabParentObject: {fileID: 0}
  m_PrefabInternal: {fileID: 100100000}
  serializedVersion: 5
  m_Component:
  - component: {fileID: 4266600044817374}
  - component: {fileID: 137663716378247438}
  m_Layer: 0
  m_Name: Tiger
  m_TagString: Untagged
  m_Icon: {fileID: 0}
  m_NavMeshLayer: 0
  m_StaticEditorFlags: 0
  m_IsActive: 1
--- !u!1 &1669736237559826
GameObject:
  m_ObjectHideFlags: 1
  m_PrefabParentObject: {fileID: 0}
  m_PrefabInternal: {fileID: 100100000}
  serializedVersion: 5
  m_Component:
  - component: {fileID: 4662799092287832}
  m_Layer: 20
  m_Name: Ear L
  m_TagString: Untagged
  m_Icon: {fileID: 0}
  m_NavMeshLayer: 0
  m_StaticEditorFlags: 0
  m_IsActive: 1
--- !u!1 &1726128210766050
GameObject:
  m_ObjectHideFlags: 1
  m_PrefabParentObject: {fileID: 0}
  m_PrefabInternal: {fileID: 100100000}
  serializedVersion: 5
  m_Component:
  - component: {fileID: 4008200809966176}
  m_Layer: 20
  m_Name: L UpperArm
  m_TagString: Untagged
  m_Icon: {fileID: 0}
  m_NavMeshLayer: 0
  m_StaticEditorFlags: 0
  m_IsActive: 1
--- !u!1 &1729776368302676
GameObject:
  m_ObjectHideFlags: 1
  m_PrefabParentObject: {fileID: 0}
  m_PrefabInternal: {fileID: 100100000}
  serializedVersion: 5
  m_Component:
  - component: {fileID: 4570521955655530}
  - component: {fileID: 135158540539433832}
  - component: {fileID: 114292634673426754}
  m_Layer: 2
  m_Name: Attack Trigger Claw L
  m_TagString: Untagged
  m_Icon: {fileID: 0}
  m_NavMeshLayer: 0
  m_StaticEditorFlags: 0
  m_IsActive: 1
--- !u!1 &1763947848455740
GameObject:
  m_ObjectHideFlags: 0
  m_PrefabParentObject: {fileID: 0}
  m_PrefabInternal: {fileID: 100100000}
  serializedVersion: 5
  m_Component:
  - component: {fileID: 4308071348774982}
  - component: {fileID: 114615538735589290}
  m_Layer: 20
  m_Name: PivotHip
  m_TagString: Untagged
  m_Icon: {fileID: 0}
  m_NavMeshLayer: 0
  m_StaticEditorFlags: 0
  m_IsActive: 1
--- !u!1 &1769745325884688
GameObject:
  m_ObjectHideFlags: 0
  m_PrefabParentObject: {fileID: 0}
  m_PrefabInternal: {fileID: 100100000}
  serializedVersion: 5
  m_Component:
  - component: {fileID: 4433787120148496}
  - component: {fileID: 114129015455338676}
  m_Layer: 20
  m_Name: PivotWater
  m_TagString: Untagged
  m_Icon: {fileID: 0}
  m_NavMeshLayer: 0
  m_StaticEditorFlags: 0
  m_IsActive: 1
--- !u!1 &1783443124325044
GameObject:
  m_ObjectHideFlags: 1
  m_PrefabParentObject: {fileID: 0}
  m_PrefabInternal: {fileID: 100100000}
  serializedVersion: 5
  m_Component:
  - component: {fileID: 4781728948889432}
  - component: {fileID: 135780385035096750}
  - component: {fileID: 114058391563807406}
  m_Layer: 2
  m_Name: AttackTrigger Bite
  m_TagString: Untagged
  m_Icon: {fileID: 0}
  m_NavMeshLayer: 0
  m_StaticEditorFlags: 0
  m_IsActive: 1
--- !u!1 &1807285860204448
GameObject:
  m_ObjectHideFlags: 1
  m_PrefabParentObject: {fileID: 0}
  m_PrefabInternal: {fileID: 100100000}
  serializedVersion: 5
  m_Component:
  - component: {fileID: 4801653419401536}
  m_Layer: 20
  m_Name: Tail
  m_TagString: Untagged
  m_Icon: {fileID: 0}
  m_NavMeshLayer: 0
  m_StaticEditorFlags: 0
  m_IsActive: 1
--- !u!1 &1863373453893102
GameObject:
  m_ObjectHideFlags: 1
  m_PrefabParentObject: {fileID: 0}
  m_PrefabInternal: {fileID: 100100000}
  serializedVersion: 5
  m_Component:
  - component: {fileID: 4430750453186952}
  - component: {fileID: 135174544050836928}
  - component: {fileID: 114919007733473492}
  - component: {fileID: 114322149082031918}
  m_Layer: 1
  m_Name: Track RFoot
  m_TagString: Untagged
  m_Icon: {fileID: 0}
  m_NavMeshLayer: 0
  m_StaticEditorFlags: 0
  m_IsActive: 1
--- !u!1 &1878316888265388
GameObject:
  m_ObjectHideFlags: 1
  m_PrefabParentObject: {fileID: 0}
  m_PrefabInternal: {fileID: 100100000}
  serializedVersion: 5
  m_Component:
  - component: {fileID: 4309959525316684}
  m_Layer: 20
  m_Name: L Hand
  m_TagString: Untagged
  m_Icon: {fileID: 0}
  m_NavMeshLayer: 0
  m_StaticEditorFlags: 0
  m_IsActive: 1
--- !u!1 &1926547676808600
GameObject:
  m_ObjectHideFlags: 1
  m_PrefabParentObject: {fileID: 0}
  m_PrefabInternal: {fileID: 100100000}
  serializedVersion: 5
  m_Component:
  - component: {fileID: 4346930688488804}
  m_Layer: 20
  m_Name: Tail5
  m_TagString: Untagged
  m_Icon: {fileID: 0}
  m_NavMeshLayer: 0
  m_StaticEditorFlags: 0
  m_IsActive: 1
--- !u!1 &1937034961719742
GameObject:
  m_ObjectHideFlags: 1
  m_PrefabParentObject: {fileID: 0}
  m_PrefabInternal: {fileID: 100100000}
  serializedVersion: 5
  m_Component:
  - component: {fileID: 4911249837203292}
  m_Layer: 20
  m_Name: Eye L
  m_TagString: Untagged
  m_Icon: {fileID: 0}
  m_NavMeshLayer: 0
  m_StaticEditorFlags: 0
  m_IsActive: 1
--- !u!1 &1942455461006784
GameObject:
  m_ObjectHideFlags: 1
  m_PrefabParentObject: {fileID: 0}
  m_PrefabInternal: {fileID: 100100000}
  serializedVersion: 5
  m_Component:
  - component: {fileID: 4484668798550014}
  m_Layer: 20
  m_Name: Tail3
  m_TagString: Untagged
  m_Icon: {fileID: 0}
  m_NavMeshLayer: 0
  m_StaticEditorFlags: 0
  m_IsActive: 1
--- !u!1 &1943438905776978
GameObject:
  m_ObjectHideFlags: 1
  m_PrefabParentObject: {fileID: 0}
  m_PrefabInternal: {fileID: 100100000}
  serializedVersion: 5
  m_Component:
  - component: {fileID: 4212208297529204}
  m_Layer: 20
  m_Name: R Foot
  m_TagString: Untagged
  m_Icon: {fileID: 0}
  m_NavMeshLayer: 0
  m_StaticEditorFlags: 0
  m_IsActive: 1
--- !u!4 &4000010603887436
Transform:
  m_ObjectHideFlags: 1
  m_PrefabParentObject: {fileID: 0}
  m_PrefabInternal: {fileID: 100100000}
  m_GameObject: {fileID: 1000013887705570}
  m_LocalRotation: {x: 0, y: 0, z: 0, w: 1}
  m_LocalPosition: {x: 17.92, y: 0.04, z: 10.64}
  m_LocalScale: {x: 1, y: 1, z: 1}
  m_Children:
  - {fileID: 4308071348774982}
  - {fileID: 4804349648409136}
  - {fileID: 4433787120148496}
  - {fileID: 4266600044817374}
  - {fileID: 4687384066000520}
  m_Father: {fileID: 0}
  m_RootOrder: 0
  m_LocalEulerAnglesHint: {x: 0, y: 0, z: 0}
--- !u!4 &4008200809966176
Transform:
  m_ObjectHideFlags: 1
  m_PrefabParentObject: {fileID: 0}
  m_PrefabInternal: {fileID: 100100000}
  m_GameObject: {fileID: 1726128210766050}
  m_LocalRotation: {x: -0.43264225, y: -0.5420945, z: 0.4830533, w: 0.5344284}
  m_LocalPosition: {x: -0.17774841, y: 0, z: 0}
  m_LocalScale: {x: 1.0000004, y: 1.0000001, z: 1}
  m_Children:
  - {fileID: 4171173529399694}
  m_Father: {fileID: 4459513590096606}
  m_RootOrder: 0
  m_LocalEulerAnglesHint: {x: 0, y: 0, z: 0}
--- !u!4 &4035495271577096
Transform:
  m_ObjectHideFlags: 1
  m_PrefabParentObject: {fileID: 0}
  m_PrefabInternal: {fileID: 100100000}
  m_GameObject: {fileID: 1395787898626302}
  m_LocalRotation: {x: 0.0000010145491, y: 0.0000035091255, z: -0.8146913, w: 0.5798949}
  m_LocalPosition: {x: 0.15575165, y: 0.17673644, z: 0.00000061035126}
  m_LocalScale: {x: 1.0000001, y: 1.0000001, z: 1}
  m_Children: []
  m_Father: {fileID: 4668526518864832}
  m_RootOrder: 4
  m_LocalEulerAnglesHint: {x: 0, y: 0, z: 0}
--- !u!4 &4041167656113008
Transform:
  m_ObjectHideFlags: 1
  m_PrefabParentObject: {fileID: 0}
  m_PrefabInternal: {fileID: 100100000}
  m_GameObject: {fileID: 1402638711905570}
  m_LocalRotation: {x: -0.000000010720828, y: 0.0000000046542086, z: -0.41641542,
    w: 0.90917444}
  m_LocalPosition: {x: -0.25661623, y: -0.00000015258789, z: 0.000000019073486}
  m_LocalScale: {x: 1.0000001, y: 0.99999994, z: 1}
  m_Children:
  - {fileID: 4862583953897478}
  m_Father: {fileID: 4218628724732058}
  m_RootOrder: 0
  m_LocalEulerAnglesHint: {x: 0, y: 0, z: 0}
--- !u!4 &4058221762230502
Transform:
  m_ObjectHideFlags: 1
  m_PrefabParentObject: {fileID: 0}
  m_PrefabInternal: {fileID: 100100000}
  m_GameObject: {fileID: 1270721652655280}
  m_LocalRotation: {x: 2.2737368e-13, y: -1.6342483e-13, z: 3.7158507e-26, w: 1}
  m_LocalPosition: {x: -0.34068528, y: -0.00027175903, z: 0.000000610351}
  m_LocalScale: {x: 1, y: 1, z: 1}
  m_Children:
  - {fileID: 4169263373901120}
  m_Father: {fileID: 4131139274541198}
  m_RootOrder: 2
  m_LocalEulerAnglesHint: {x: 0, y: 0, z: 0}
--- !u!4 &4086159074841150
Transform:
  m_ObjectHideFlags: 1
  m_PrefabParentObject: {fileID: 0}
  m_PrefabInternal: {fileID: 100100000}
  m_GameObject: {fileID: 1528263182911766}
  m_LocalRotation: {x: -0.5911119, y: 0.80175626, z: -0.054177213, w: 0.06955919}
  m_LocalPosition: {x: 0.12813331, y: 0.03249336, z: 0.14481686}
  m_LocalScale: {x: 1.0000001, y: 1.0000004, z: 1}
  m_Children:
  - {fileID: 4218628724732058}
  m_Father: {fileID: 4131139274541198}
  m_RootOrder: 0
  m_LocalEulerAnglesHint: {x: 0, y: 0, z: 0}
--- !u!4 &4098164396477330
Transform:
  m_ObjectHideFlags: 1
  m_PrefabParentObject: {fileID: 0}
  m_PrefabInternal: {fileID: 100100000}
  m_GameObject: {fileID: 1271134973477218}
  m_LocalRotation: {x: -0.000000007146232, y: -0.0000000021109448, z: 0.26827395,
    w: 0.96334267}
  m_LocalPosition: {x: -0.34425998, y: -0.000000114440915, z: 0.00000017166137}
  m_LocalScale: {x: 0.9999999, y: 0.9999996, z: 1.0000001}
  m_Children:
  - {fileID: 4256588659249622}
  m_Father: {fileID: 4901678234509730}
  m_RootOrder: 0
  m_LocalEulerAnglesHint: {x: 0, y: 0, z: 0}
--- !u!4 &4131139274541198
Transform:
  m_ObjectHideFlags: 1
  m_PrefabParentObject: {fileID: 0}
  m_PrefabInternal: {fileID: 100100000}
  m_GameObject: {fileID: 1577829292273786}
  m_LocalRotation: {x: -0.0000019872725, y: 0.0000009802503, z: -0.6875386, w: 0.7261479}
  m_LocalPosition: {x: -0.03943962, y: 0.12616862, z: -0.0000003051757}
  m_LocalScale: {x: 1, y: 1, z: 1}
  m_Children:
  - {fileID: 4086159074841150}
  - {fileID: 4901678234509730}
  - {fileID: 4058221762230502}
  - {fileID: 4801653419401536}
  m_Father: {fileID: 4398219495943226}
  m_RootOrder: 0
  m_LocalEulerAnglesHint: {x: 0, y: 0, z: 0}
--- !u!4 &4169263373901120
Transform:
  m_ObjectHideFlags: 1
  m_PrefabParentObject: {fileID: 0}
  m_PrefabInternal: {fileID: 100100000}
  m_GameObject: {fileID: 1296213010076820}
  m_LocalRotation: {x: 2.2737368e-13, y: -2.2026825e-13, z: 5.00832e-26, w: 1}
  m_LocalPosition: {x: -0.34068546, y: -0.0002707672, z: -0.0000006103521}
  m_LocalScale: {x: 1, y: 1, z: 1}
  m_Children:
  - {fileID: 4264625340092106}
  m_Father: {fileID: 4058221762230502}
  m_RootOrder: 0
  m_LocalEulerAnglesHint: {x: 0, y: 0, z: 0}
--- !u!4 &4171173529399694
Transform:
  m_ObjectHideFlags: 1
  m_PrefabParentObject: {fileID: 0}
  m_PrefabInternal: {fileID: 100100000}
  m_GameObject: {fileID: 1113913725913282}
  m_LocalRotation: {x: 2.864269e-10, y: -8.005158e-11, z: 0.10099851, w: 0.9948866}
  m_LocalPosition: {x: -0.42356873, y: 0.00000015258789, z: -0.000000057220458}
  m_LocalScale: {x: 0.99999976, y: 1, z: 1.0000001}
  m_Children:
  - {fileID: 4309959525316684}
  m_Father: {fileID: 4008200809966176}
  m_RootOrder: 0
  m_LocalEulerAnglesHint: {x: 0, y: 0, z: 0}
--- !u!4 &4212208297529204
Transform:
  m_ObjectHideFlags: 1
  m_PrefabParentObject: {fileID: 0}
  m_PrefabInternal: {fileID: 100100000}
  m_GameObject: {fileID: 1943438905776978}
  m_LocalRotation: {x: 0.094174094, y: 0.0008221449, z: 0.034961097, w: 0.99494135}
  m_LocalPosition: {x: -0.22370818, y: -0.000000038146972, z: -0.0000003147125}
  m_LocalScale: {x: 0.9999997, y: 1.0000004, z: 1.0000001}
  m_Children:
  - {fileID: 4430750453186952}
  m_Father: {fileID: 4256588659249622}
  m_RootOrder: 0
  m_LocalEulerAnglesHint: {x: 0, y: 0, z: 0}
--- !u!4 &4218628724732058
Transform:
  m_ObjectHideFlags: 1
  m_PrefabParentObject: {fileID: 0}
  m_PrefabInternal: {fileID: 100100000}
  m_GameObject: {fileID: 1416766092071094}
  m_LocalRotation: {x: -0.0000000017759109, y: -1.3202435e-10, z: 0.26827395, w: 0.96334267}
  m_LocalPosition: {x: -0.34426042, y: 0.000000038146972, z: -0.000000038146972}
  m_LocalScale: {x: 1.0000002, y: 1.0000004, z: 1}
  m_Children:
  - {fileID: 4041167656113008}
  m_Father: {fileID: 4086159074841150}
  m_RootOrder: 0
  m_LocalEulerAnglesHint: {x: 0, y: 0, z: 0}
--- !u!4 &4227447180789238
Transform:
  m_ObjectHideFlags: 1
  m_PrefabParentObject: {fileID: 0}
  m_PrefabInternal: {fileID: 100100000}
  m_GameObject: {fileID: 1106851814005282}
  m_LocalRotation: {x: -0.5142865, y: -0.51428777, z: 0.48529243, w: -0.48529255}
  m_LocalPosition: {x: -0.061, y: -0.1317, z: 0.0276}
  m_LocalScale: {x: 1, y: 1, z: 1}
  m_Children: []
  m_Father: {fileID: 4309959525316684}
  m_RootOrder: 1
  m_LocalEulerAnglesHint: {x: 0, y: 0, z: 0}
--- !u!4 &4256588659249622
Transform:
  m_ObjectHideFlags: 1
  m_PrefabParentObject: {fileID: 0}
  m_PrefabInternal: {fileID: 100100000}
  m_GameObject: {fileID: 1443051109523746}
  m_LocalRotation: {x: 6.6484357e-10, y: 0.0000000037929344, z: -0.41641548, w: 0.90917444}
  m_LocalPosition: {x: -0.2566163, y: -0.00000015258789, z: 0.00000029563904}
  m_LocalScale: {x: 1.0000004, y: 1.0000001, z: 1.0000004}
  m_Children:
  - {fileID: 4212208297529204}
  m_Father: {fileID: 4098164396477330}
  m_RootOrder: 0
  m_LocalEulerAnglesHint: {x: 0, y: 0, z: 0}
--- !u!4 &4264625340092106
Transform:
  m_ObjectHideFlags: 1
  m_PrefabParentObject: {fileID: 0}
  m_PrefabInternal: {fileID: 100100000}
  m_GameObject: {fileID: 1514828963609110}
  m_LocalRotation: {x: -0.00000021736874, y: -0.000000031604483, z: -0.10641927, w: 0.99432135}
  m_LocalPosition: {x: -0.3121799, y: 0.027302245, z: 0}
  m_LocalScale: {x: 1, y: 1, z: 1}
  m_Children:
  - {fileID: 4668526518864832}
  - {fileID: 4459513590096606}
  - {fileID: 4861410765618698}
  m_Father: {fileID: 4169263373901120}
  m_RootOrder: 0
  m_LocalEulerAnglesHint: {x: 0, y: 0, z: 0}
--- !u!4 &4266600044817374
Transform:
  m_ObjectHideFlags: 1
  m_PrefabParentObject: {fileID: 0}
  m_PrefabInternal: {fileID: 100100000}
  m_GameObject: {fileID: 1611764037765274}
  m_LocalRotation: {x: -0.7071068, y: -0, z: -0, w: 0.7071068}
  m_LocalPosition: {x: 0, y: 0, z: 0}
  m_LocalScale: {x: 1, y: 1, z: 1}
  m_Children: []
  m_Father: {fileID: 4000010603887436}
  m_RootOrder: 3
  m_LocalEulerAnglesHint: {x: 0, y: 0, z: 0}
--- !u!4 &4308071348774982
Transform:
  m_ObjectHideFlags: 1
  m_PrefabParentObject: {fileID: 0}
  m_PrefabInternal: {fileID: 100100000}
  m_GameObject: {fileID: 1763947848455740}
  m_LocalRotation: {x: -0, y: -0, z: -0, w: 1}
  m_LocalPosition: {x: 0, y: 0.82, z: 0}
  m_LocalScale: {x: 1, y: 1, z: 1}
  m_Children: []
  m_Father: {fileID: 4000010603887436}
  m_RootOrder: 0
  m_LocalEulerAnglesHint: {x: 0, y: 0, z: 0}
--- !u!4 &4309959525316684
Transform:
  m_ObjectHideFlags: 1
  m_PrefabParentObject: {fileID: 0}
  m_PrefabInternal: {fileID: 100100000}
  m_GameObject: {fileID: 1878316888265388}
  m_LocalRotation: {x: -0.034762375, y: 0.0016891067, z: -0.048500113, w: 0.9982167}
  m_LocalPosition: {x: -0.31540722, y: 0.000000038146972, z: 0.000000019073486}
  m_LocalScale: {x: 1.0000001, y: 1.0000006, z: 1.0000005}
  m_Children:
  - {fileID: 4570521955655530}
  - {fileID: 4227447180789238}
  m_Father: {fileID: 4171173529399694}
  m_RootOrder: 0
  m_LocalEulerAnglesHint: {x: 0, y: 0, z: 0}
--- !u!4 &4309965282327460
Transform:
  m_ObjectHideFlags: 1
  m_PrefabParentObject: {fileID: 0}
  m_PrefabInternal: {fileID: 100100000}
  m_GameObject: {fileID: 1325851660798774}
  m_LocalRotation: {x: 0.3495834, y: -0.21530956, z: 0.33597642, w: 0.8476751}
  m_LocalPosition: {x: -0.07350143, y: 0.1086444, z: -0.15024701}
  m_LocalScale: {x: 1.0000002, y: 1.0000002, z: 1.0000001}
  m_Children: []
  m_Father: {fileID: 4668526518864832}
  m_RootOrder: 1
  m_LocalEulerAnglesHint: {x: 0, y: 0, z: 0}
--- !u!4 &4346930688488804
Transform:
  m_ObjectHideFlags: 1
  m_PrefabParentObject: {fileID: 0}
  m_PrefabInternal: {fileID: 100100000}
  m_GameObject: {fileID: 1926547676808600}
  m_LocalRotation: {x: 1.8015483e-14, y: 0.0000002123269, z: -0.076552816, w: 0.99706554}
  m_LocalPosition: {x: -0.1953337, y: -0.00019985199, z: 3.6379787e-14}
  m_LocalScale: {x: 1.0000001, y: 1.0000001, z: 1}
  m_Children: []
  m_Father: {fileID: 4548196318277198}
  m_RootOrder: 0
  m_LocalEulerAnglesHint: {x: 0, y: 0, z: 0}
--- !u!4 &4398219495943226
Transform:
  m_ObjectHideFlags: 1
  m_PrefabParentObject: {fileID: 0}
  m_PrefabInternal: {fileID: 100100000}
  m_GameObject: {fileID: 1462051928437244}
  m_LocalRotation: {x: -0.5, y: 0.5, z: 0.49999934, w: 0.50000066}
  m_LocalPosition: {x: -0, y: 0, z: 0}
  m_LocalScale: {x: 1, y: 1, z: 1}
  m_Children:
  - {fileID: 4131139274541198}
  m_Father: {fileID: 4687384066000520}
  m_RootOrder: 0
  m_LocalEulerAnglesHint: {x: 0, y: 0, z: 0}
--- !u!4 &4430750453186952
Transform:
  m_ObjectHideFlags: 1
  m_PrefabParentObject: {fileID: 0}
  m_PrefabInternal: {fileID: 100100000}
  m_GameObject: {fileID: 1863373453893102}
  m_LocalRotation: {x: 0.49697256, y: 0.49697202, z: 0.5030101, w: -0.5030089}
  m_LocalPosition: {x: -0.072, y: 0.105, z: -0.002}
  m_LocalScale: {x: 1, y: 1, z: 1}
  m_Children: []
  m_Father: {fileID: 4212208297529204}
  m_RootOrder: 0
  m_LocalEulerAnglesHint: {x: 0, y: 0, z: 0}
--- !u!4 &4431346341509716
Transform:
  m_ObjectHideFlags: 1
  m_PrefabParentObject: {fileID: 0}
  m_PrefabInternal: {fileID: 100100000}
  m_GameObject: {fileID: 1600627951200694}
  m_LocalRotation: {x: 0.43264222, y: 0.5420945, z: 0.48305327, w: 0.5344285}
  m_LocalPosition: {x: -0.17774826, y: -0.00000030517577, z: -0.00000015258789}
  m_LocalScale: {x: 1, y: 1.0000005, z: 0.9999999}
  m_Children:
  - {fileID: 4744039002000166}
  m_Father: {fileID: 4861410765618698}
  m_RootOrder: 0
  m_LocalEulerAnglesHint: {x: 0, y: 0, z: 0}
--- !u!4 &4433787120148496
Transform:
  m_ObjectHideFlags: 1
  m_PrefabParentObject: {fileID: 0}
  m_PrefabInternal: {fileID: 100100000}
  m_GameObject: {fileID: 1769745325884688}
  m_LocalRotation: {x: -0, y: -0, z: -0, w: 1}
  m_LocalPosition: {x: 0, y: 1.376, z: 0.44400024}
  m_LocalScale: {x: 1, y: 1, z: 1}
  m_Children: []
  m_Father: {fileID: 4000010603887436}
  m_RootOrder: 2
  m_LocalEulerAnglesHint: {x: 0, y: 0, z: 0}
--- !u!4 &4459513590096606
Transform:
  m_ObjectHideFlags: 1
  m_PrefabParentObject: {fileID: 0}
  m_PrefabInternal: {fileID: 100100000}
  m_GameObject: {fileID: 1606186792632056}
  m_LocalRotation: {x: -0.69109297, y: -0.09610382, z: 0.7142, w: -0.055435225}
  m_LocalPosition: {x: 0.14085278, y: 0.11320892, z: -0.0037197876}
  m_LocalScale: {x: 1, y: 1, z: 1}
  m_Children:
  - {fileID: 4008200809966176}
  m_Father: {fileID: 4264625340092106}
  m_RootOrder: 1
  m_LocalEulerAnglesHint: {x: 0, y: 0, z: 0}
--- !u!4 &4484668798550014
Transform:
  m_ObjectHideFlags: 1
  m_PrefabParentObject: {fileID: 0}
  m_PrefabInternal: {fileID: 100100000}
  m_GameObject: {fileID: 1942455461006784}
  m_LocalRotation: {x: -1.861841e-14, y: 0.00000043618024, z: -0.15726145, w: 0.987557}
  m_LocalPosition: {x: -0.2561083, y: -0.0001486969, z: -1.4551915e-13}
  m_LocalScale: {x: 1, y: 1, z: 1}
  m_Children:
  - {fileID: 4548196318277198}
  m_Father: {fileID: 4806524430328542}
  m_RootOrder: 0
  m_LocalEulerAnglesHint: {x: 0, y: 0, z: 0}
--- !u!4 &4548196318277198
Transform:
  m_ObjectHideFlags: 1
  m_PrefabParentObject: {fileID: 0}
  m_PrefabInternal: {fileID: 100100000}
  m_GameObject: {fileID: 1363645561588768}
  m_LocalRotation: {x: -6.0145285e-15, y: 0.0000009454906, z: -0.34088928, w: 0.9401035}
  m_LocalPosition: {x: -0.19669731, y: -0.000119094846, z: -4.3655745e-13}
  m_LocalScale: {x: 0.9999999, y: 0.9999999, z: 1}
  m_Children:
  - {fileID: 4346930688488804}
  m_Father: {fileID: 4484668798550014}
  m_RootOrder: 0
  m_LocalEulerAnglesHint: {x: 0, y: 0, z: 0}
--- !u!4 &4570521955655530
Transform:
  m_ObjectHideFlags: 1
  m_PrefabParentObject: {fileID: 0}
  m_PrefabInternal: {fileID: 100100000}
  m_GameObject: {fileID: 1729776368302676}
  m_LocalRotation: {x: 0.00000018626444, y: 0.00000010535583, z: -0.0000001315711,
    w: 1}
  m_LocalPosition: {x: -0.20100091, y: -0.19299987, z: -0}
  m_LocalScale: {x: 1.3, y: 1.3, z: 1.3}
  m_Children: []
  m_Father: {fileID: 4309959525316684}
  m_RootOrder: 0
  m_LocalEulerAnglesHint: {x: 0, y: 0, z: 0}
--- !u!4 &4638876504510042
Transform:
  m_ObjectHideFlags: 1
  m_PrefabParentObject: {fileID: 0}
  m_PrefabInternal: {fileID: 100100000}
  m_GameObject: {fileID: 1046690719600634}
  m_LocalRotation: {x: 3.3759413e-13, y: -0.00000057213816, z: 0.20628002, w: 0.97849303}
  m_LocalPosition: {x: -0.11056927, y: -0.00019187927, z: 0}
  m_LocalScale: {x: 1, y: 1, z: 1}
  m_Children:
  - {fileID: 4806524430328542}
  m_Father: {fileID: 4801653419401536}
  m_RootOrder: 0
  m_LocalEulerAnglesHint: {x: 0, y: 0, z: 0}
--- !u!4 &4662799092287832
Transform:
  m_ObjectHideFlags: 1
  m_PrefabParentObject: {fileID: 0}
  m_PrefabInternal: {fileID: 100100000}
  m_GameObject: {fileID: 1669736237559826}
  m_LocalRotation: {x: -0.3495837, y: 0.21530788, z: 0.33597717, w: 0.84767514}
  m_LocalPosition: {x: -0.07350143, y: 0.10864364, z: 0.15024692}
  m_LocalScale: {x: 1.0000002, y: 1.0000005, z: 1.0000001}
  m_Children: []
  m_Father: {fileID: 4668526518864832}
  m_RootOrder: 0
  m_LocalEulerAnglesHint: {x: 0, y: 0, z: 0}
--- !u!4 &4665969738621236
Transform:
  m_ObjectHideFlags: 1
  m_PrefabParentObject: {fileID: 0}
  m_PrefabInternal: {fileID: 100100000}
  m_GameObject: {fileID: 1338921740586064}
  m_LocalRotation: {x: -0.5142865, y: -0.51428777, z: 0.48529243, w: -0.48529255}
  m_LocalPosition: {x: -0.061, y: -0.1317, z: -0.0276}
  m_LocalScale: {x: 1, y: 1, z: 1}
  m_Children: []
  m_Father: {fileID: 4685526395936154}
  m_RootOrder: 1
  m_LocalEulerAnglesHint: {x: 0, y: 0, z: 0}
--- !u!4 &4668526518864832
Transform:
  m_ObjectHideFlags: 1
  m_PrefabParentObject: {fileID: 0}
  m_PrefabInternal: {fileID: 100100000}
  m_GameObject: {fileID: 1391660451424206}
  m_LocalRotation: {x: 0.0000003578764, y: -0.0000015557474, z: 0.6189938, w: 0.78539586}
  m_LocalPosition: {x: -0.18409649, y: -0.000000076293944, z: 5.820766e-13}
  m_LocalScale: {x: 1.0000005, y: 1.0000005, z: 1}
  m_Children:
  - {fileID: 4662799092287832}
  - {fileID: 4309965282327460}
  - {fileID: 4911249837203292}
  - {fileID: 4751558933962006}
  - {fileID: 4035495271577096}
  - {fileID: 4781728948889432}
  m_Father: {fileID: 4264625340092106}
  m_RootOrder: 0
  m_LocalEulerAnglesHint: {x: 0, y: 0, z: 0}
--- !u!4 &4685526395936154
Transform:
  m_ObjectHideFlags: 1
  m_PrefabParentObject: {fileID: 0}
  m_PrefabInternal: {fileID: 100100000}
  m_GameObject: {fileID: 1440827396522428}
  m_LocalRotation: {x: 0.034762375, y: -0.0016891069, z: -0.048500117, w: 0.9982167}
  m_LocalPosition: {x: -0.31540725, y: 0.00000030517577, z: 0}
  m_LocalScale: {x: 1, y: 1.0000001, z: 1.0000002}
  m_Children:
  - {fileID: 4696377037186176}
  - {fileID: 4665969738621236}
  m_Father: {fileID: 4744039002000166}
  m_RootOrder: 0
  m_LocalEulerAnglesHint: {x: 0, y: 0, z: 0}
--- !u!4 &4687384066000520
Transform:
  m_ObjectHideFlags: 1
  m_PrefabParentObject: {fileID: 0}
  m_PrefabInternal: {fileID: 100100000}
  m_GameObject: {fileID: 1142861206151592}
  m_LocalRotation: {x: -0.50000036, y: 0.49999967, z: 0.49999967, w: 0.50000036}
  m_LocalPosition: {x: 0, y: 0.8549313, z: 0}
  m_LocalScale: {x: 1, y: 1, z: 1}
  m_Children:
  - {fileID: 4398219495943226}
  m_Father: {fileID: 4000010603887436}
  m_RootOrder: 4
  m_LocalEulerAnglesHint: {x: 0, y: 0, z: 0}
--- !u!4 &4696377037186176
Transform:
  m_ObjectHideFlags: 1
  m_PrefabParentObject: {fileID: 0}
  m_PrefabInternal: {fileID: 100100000}
  m_GameObject: {fileID: 1359447589607594}
  m_LocalRotation: {x: -0.0000000707805, y: -0.000000023632305, z: -0.00000019015711,
    w: 1}
  m_LocalPosition: {x: -0.20100024, y: -0.19300069, z: 0}
  m_LocalScale: {x: 1.3, y: 1.3, z: 1.3}
  m_Children: []
  m_Father: {fileID: 4685526395936154}
  m_RootOrder: 0
  m_LocalEulerAnglesHint: {x: 0, y: 0, z: 0}
--- !u!4 &4744039002000166
Transform:
  m_ObjectHideFlags: 1
  m_PrefabParentObject: {fileID: 0}
  m_PrefabInternal: {fileID: 100100000}
  m_GameObject: {fileID: 1598001573707226}
  m_LocalRotation: {x: 2.5916e-10, y: 3.4365427e-11, z: 0.100998536, w: 0.9948866}
  m_LocalPosition: {x: -0.42356864, y: -0.000000038146972, z: -0.000000057220458}
  m_LocalScale: {x: 1, y: 1, z: 1}
  m_Children:
  - {fileID: 4685526395936154}
  m_Father: {fileID: 4431346341509716}
  m_RootOrder: 0
  m_LocalEulerAnglesHint: {x: 0, y: 0, z: 0}
--- !u!4 &4751558933962006
Transform:
  m_ObjectHideFlags: 1
  m_PrefabParentObject: {fileID: 0}
  m_PrefabInternal: {fileID: 100100000}
  m_GameObject: {fileID: 1005905557477154}
  m_LocalRotation: {x: -0.31083092, y: -0.24875247, z: -0.5497565, w: 0.7343528}
  m_LocalPosition: {x: -0.033515472, y: 0.25521925, z: -0.06439119}
  m_LocalScale: {x: 1.0000004, y: 1.0000002, z: 0.99999976}
  m_Children: []
  m_Father: {fileID: 4668526518864832}
  m_RootOrder: 3
  m_LocalEulerAnglesHint: {x: 0, y: 0, z: 0}
--- !u!4 &4781728948889432
Transform:
  m_ObjectHideFlags: 1
  m_PrefabParentObject: {fileID: 0}
  m_PrefabInternal: {fileID: 100100000}
  m_GameObject: {fileID: 1783443124325044}
  m_LocalRotation: {x: 0.00000006082051, y: 7.507877e-10, z: -0.000000089406406, w: 1}
  m_LocalPosition: {x: 0.19299991, y: 0.5270009, z: 0}
  m_LocalScale: {x: 1.3, y: 1.3, z: 1.3}
  m_Children: []
  m_Father: {fileID: 4668526518864832}
  m_RootOrder: 5
  m_LocalEulerAnglesHint: {x: 0, y: 0, z: 0}
--- !u!4 &4801653419401536
Transform:
  m_ObjectHideFlags: 1
  m_PrefabParentObject: {fileID: 0}
  m_PrefabInternal: {fileID: 100100000}
  m_GameObject: {fileID: 1807285860204448}
  m_LocalRotation: {x: -2.698351e-13, y: -0.0000026688704, z: 0.9622404, w: -0.27220112}
  m_LocalPosition: {x: 0.27283552, y: -0.09677963, z: -0.00000030517666}
  m_LocalScale: {x: 1.0000002, y: 1.0000002, z: 1}
  m_Children:
  - {fileID: 4638876504510042}
  m_Father: {fileID: 4131139274541198}
  m_RootOrder: 3
  m_LocalEulerAnglesHint: {x: 0, y: 0, z: 0}
--- !u!4 &4804349648409136
Transform:
  m_ObjectHideFlags: 1
  m_PrefabParentObject: {fileID: 0}
  m_PrefabInternal: {fileID: 100100000}
  m_GameObject: {fileID: 1060895957301334}
  m_LocalRotation: {x: -0, y: -0, z: -0, w: 1}
  m_LocalPosition: {x: 0, y: 0.82, z: 1.0699997}
  m_LocalScale: {x: 1, y: 1, z: 1}
  m_Children: []
  m_Father: {fileID: 4000010603887436}
  m_RootOrder: 1
  m_LocalEulerAnglesHint: {x: 0, y: 0, z: 0}
--- !u!4 &4806524430328542
Transform:
  m_ObjectHideFlags: 1
  m_PrefabParentObject: {fileID: 0}
  m_PrefabInternal: {fileID: 100100000}
  m_GameObject: {fileID: 1017801391839792}
  m_LocalRotation: {x: -2.4651605e-14, y: 0.00000026396202, z: -0.09516947, w: 0.9954611}
  m_LocalPosition: {x: -0.2631024, y: -0.00020019531, z: -1.4551915e-13}
  m_LocalScale: {x: 1, y: 1, z: 1}
  m_Children:
  - {fileID: 4484668798550014}
  m_Father: {fileID: 4638876504510042}
  m_RootOrder: 0
  m_LocalEulerAnglesHint: {x: 0, y: 0, z: 0}
--- !u!4 &4861410765618698
Transform:
  m_ObjectHideFlags: 1
  m_PrefabParentObject: {fileID: 0}
  m_PrefabInternal: {fileID: 100100000}
  m_GameObject: {fileID: 1438512982898068}
  m_LocalRotation: {x: 0.6910932, y: 0.09610167, z: 0.7141998, w: -0.055437565}
  m_LocalPosition: {x: 0.14085278, y: 0.113209225, z: 0.0037203978}
  m_LocalScale: {x: 0.99999994, y: 0.99999994, z: 1.0000001}
  m_Children:
  - {fileID: 4431346341509716}
  m_Father: {fileID: 4264625340092106}
  m_RootOrder: 2
  m_LocalEulerAnglesHint: {x: 0, y: 0, z: 0}
--- !u!4 &4862583953897478
Transform:
  m_ObjectHideFlags: 1
  m_PrefabParentObject: {fileID: 0}
  m_PrefabInternal: {fileID: 100100000}
  m_GameObject: {fileID: 1333000432162346}
  m_LocalRotation: {x: -0.09417409, y: -0.00082223234, z: 0.034961097, w: 0.99494135}
  m_LocalPosition: {x: -0.22370821, y: -0.000000076293944, z: -0.0000009059906}
  m_LocalScale: {x: 0.9999997, y: 0.9999999, z: 0.99999976}
  m_Children:
  - {fileID: 4875928739537354}
  m_Father: {fileID: 4041167656113008}
  m_RootOrder: 0
  m_LocalEulerAnglesHint: {x: 0, y: 0, z: 0}
--- !u!4 &4875928739537354
Transform:
  m_ObjectHideFlags: 1
  m_PrefabParentObject: {fileID: 0}
  m_PrefabInternal: {fileID: 100100000}
  m_GameObject: {fileID: 1132230105722552}
  m_LocalRotation: {x: 0.49697256, y: 0.49697202, z: 0.5030101, w: -0.5030089}
  m_LocalPosition: {x: -0.072, y: 0.105, z: 0.002}
  m_LocalScale: {x: 1, y: 1, z: 1}
  m_Children: []
  m_Father: {fileID: 4862583953897478}
  m_RootOrder: 0
  m_LocalEulerAnglesHint: {x: 0, y: 0, z: 0}
--- !u!4 &4901678234509730
Transform:
  m_ObjectHideFlags: 1
  m_PrefabParentObject: {fileID: 0}
  m_PrefabInternal: {fileID: 100100000}
  m_GameObject: {fileID: 1322644226067922}
  m_LocalRotation: {x: -0.5911121, y: 0.80175614, z: 0.054179378, w: -0.06955761}
  m_LocalPosition: {x: 0.12813354, y: 0.03249481, z: -0.14481677}
  m_LocalScale: {x: 1.0000004, y: 1.0000005, z: 1}
  m_Children:
  - {fileID: 4098164396477330}
  m_Father: {fileID: 4131139274541198}
  m_RootOrder: 1
  m_LocalEulerAnglesHint: {x: 0, y: 0, z: 0}
--- !u!4 &4911249837203292
Transform:
  m_ObjectHideFlags: 1
  m_PrefabParentObject: {fileID: 0}
  m_PrefabInternal: {fileID: 100100000}
  m_GameObject: {fileID: 1937034961719742}
  m_LocalRotation: {x: 0.3108319, y: 0.24875252, z: -0.54975677, w: 0.73435223}
  m_LocalPosition: {x: -0.033515777, y: 0.25521925, z: 0.06438597}
  m_LocalScale: {x: 1.0000012, y: 1.0000001, z: 1.0000005}
  m_Children: []
  m_Father: {fileID: 4668526518864832}
  m_RootOrder: 2
  m_LocalEulerAnglesHint: {x: 0, y: 0, z: 0}
--- !u!54 &54000010518868284
Rigidbody:
  m_ObjectHideFlags: 1
  m_PrefabParentObject: {fileID: 0}
  m_PrefabInternal: {fileID: 100100000}
  m_GameObject: {fileID: 1000013887705570}
  serializedVersion: 2
  m_Mass: 100
  m_Drag: 0
  m_AngularDrag: 0
  m_UseGravity: 1
  m_IsKinematic: 0
  m_Interpolate: 0
  m_Constraints: 116
  m_CollisionDetection: 0
--- !u!95 &95000012934082762
Animator:
  serializedVersion: 3
  m_ObjectHideFlags: 1
  m_PrefabParentObject: {fileID: 0}
  m_PrefabInternal: {fileID: 100100000}
  m_GameObject: {fileID: 1000013887705570}
  m_Enabled: 1
  m_Avatar: {fileID: 9000000, guid: 9f271cac34f8a384fbd96577f2846b24, type: 3}
  m_Controller: {fileID: 9100000, guid: 1b07d5920c405a34db56840e24e9cc55, type: 2}
  m_CullingMode: 1
  m_UpdateMode: 1
  m_ApplyRootMotion: 1
  m_LinearVelocityBlending: 0
  m_WarningMessage: 
  m_HasTransformHierarchy: 1
  m_AllowConstantClipSamplingOptimization: 1
--- !u!114 &114000012831956520
MonoBehaviour:
  m_ObjectHideFlags: 1
  m_PrefabParentObject: {fileID: 0}
  m_PrefabInternal: {fileID: 100100000}
  m_GameObject: {fileID: 1000013887705570}
  m_Enabled: 1
  m_EditorHideFlags: 0
  m_Script: {fileID: 11500000, guid: 2c3a10fa46510904caf0d339cac28562, type: 3}
  m_Name: 
  m_EditorClassIdentifier: 
  animalTypeID: 0
  JumpHeightMultiplier: 0
  JumpForwardMultiplier: 0
  GroundLayer:
    serializedVersion: 2
    m_Bits: 1
  StartSpeed: 1
  height: 0.82
  walkSpeed:
    position: 0
    animator: 1
    lerpPosition: 8
    lerpAnimator: 4
    rotation: 0
    lerpRotation: 6
  trotSpeed:
    position: 0
    animator: 1
    lerpPosition: 4
    lerpAnimator: 4
    rotation: 0
    lerpRotation: 6
  runSpeed:
    position: 0
    animator: 1
    lerpPosition: 2
    lerpAnimator: 4
    rotation: 0
    lerpRotation: 6
  airRotation: 100
  forwardJumpControl: 0
  smoothJumpForward: 2
  movementS1: 1
  movementS2: 2
  movementS3: 3
  maxAngleSlope: 45
  SlowSlopes: 1
  GotoSleep: 30
  SnapToGround: 30
  AlingToGround: 10
  FallRayDistance: 0.15
  FallRayMultiplier: 0.7
  TurnMultiplier: 100
  YAxisPositiveMultiplier: 1
  YAxisNegativeMultiplier: 1
  waterLine: -0.2
  swimSpeed:
    position: 0
    animator: 1
    lerpPosition: 4
    lerpAnimator: 4
    rotation: 0
    lerpRotation: 4
  canSwim: 1
  CanGoUnderWater: 0
  bank: 0
  underWaterSpeed:
    position: 0
    animator: 1
    lerpPosition: 4
    lerpAnimator: 4
    rotation: 0
    lerpRotation: 4
  flySpeed:
    position: 0
    animator: 1
    lerpPosition: 4
    lerpAnimator: 4
    rotation: 0
    lerpRotation: 4
  StartFlying: 0
  canFly: 0
  land: 1
  LockUp: 0
  life: 100
  defense: 0
  damageDelay: 0.2
  damageInterrupt: 0.2
  TotalAttacks: 3
  activeAttack: -1
  attackStrength: 10
  attackDelay: 0.5
  inmune: 0
  animatorSpeed: 1
  upDownSmoothness: 2
  debug: 1
  OnJump:
    m_PersistentCalls:
      m_Calls: []
    m_TypeName: UnityEngine.Events.UnityEvent, UnityEngine, Version=0.0.0.0, Culture=neutral,
      PublicKeyToken=null
  OnAttack:
    m_PersistentCalls:
      m_Calls: []
    m_TypeName: UnityEngine.Events.UnityEvent, UnityEngine, Version=0.0.0.0, Culture=neutral,
      PublicKeyToken=null
  OnGetDamaged:
    m_PersistentCalls:
      m_Calls: []
    m_TypeName: MalbersAnimations.Events.FloatEvent, Assembly-CSharp, Version=0.0.0.0,
      Culture=neutral, PublicKeyToken=null
  OnDeathE:
    m_PersistentCalls:
      m_Calls: []
    m_TypeName: UnityEngine.Events.UnityEvent, UnityEngine, Version=0.0.0.0, Culture=neutral,
      PublicKeyToken=null
  OnAction:
    m_PersistentCalls:
      m_Calls: []
    m_TypeName: UnityEngine.Events.UnityEvent, UnityEngine, Version=0.0.0.0, Culture=neutral,
      PublicKeyToken=null
  OnSwim:
    m_PersistentCalls:
      m_Calls: []
    m_TypeName: UnityEngine.Events.UnityEvent, UnityEngine, Version=0.0.0.0, Culture=neutral,
      PublicKeyToken=null
  OnFly:
    m_PersistentCalls:
      m_Calls: []
    m_TypeName: MalbersAnimations.Events.BoolEvent, Assembly-CSharp, Version=0.0.0.0,
      Culture=neutral, PublicKeyToken=null
  OnUnderWater:
    m_PersistentCalls:
      m_Calls: []
    m_TypeName: UnityEngine.Events.UnityEvent, UnityEngine, Version=0.0.0.0, Culture=neutral,
      PublicKeyToken=null
  OnSyncAnimator:
    m_PersistentCalls:
      m_Calls: []
    m_TypeName: UnityEngine.Events.UnityEvent, UnityEngine, Version=0.0.0.0, Culture=neutral,
      PublicKeyToken=null
  EditorGeneral: 1
  EditorGround: 1
  EditorWater: 1
  EditorAir: 1
  EditorAdvanced: 1
  EditorAirControl: 1
  EditorAttributes: 1
  EditorEvents: 1
--- !u!114 &114000013387867846
MonoBehaviour:
  m_ObjectHideFlags: 1
  m_PrefabParentObject: {fileID: 0}
  m_PrefabInternal: {fileID: 100100000}
  m_GameObject: {fileID: 1000013887705570}
  m_Enabled: 1
  m_EditorHideFlags: 0
  m_Script: {fileID: 11500000, guid: 12fd74a46159fd04b9a3d3d643cdb50f, type: 3}
  m_Name: 
  m_EditorClassIdentifier: 
  inputs:
  - active: 1
    name: Jump
    type: 0
    input: Jump
    key: 0
    GetPressed: 0
  - active: 1
    name: Shift
    type: 0
    input: Fire3
    key: 0
    GetPressed: 0
  - active: 1
    name: Attack1
    type: 0
    input: Fire1
    key: 0
    GetPressed: 1
  - active: 1
    name: Speed1
    type: 1
    input: Value
    key: 49
    GetPressed: 0
  - active: 1
    name: Speed2
    type: 1
    input: Value
    key: 50
    GetPressed: 0
  - active: 1
    name: Speed3
    type: 1
    input: Value
    key: 51
    GetPressed: 0
  - active: 1
    name: Action
    type: 1
    input: Value
    key: 101
    GetPressed: 1
  - active: 0
    name: Death
    type: 1
    input: Value
    key: 107
    GetPressed: 1
  ActiveHorizontal: 1
  ActiveVertical: 1
  Horizontal: Horizontal
  Vertical: Vertical
  AxisRaw: 1
  cameraBaseInput: 0
  alwaysForward: 0
--- !u!114 &114001204528874642
MonoBehaviour:
  m_ObjectHideFlags: 1
  m_PrefabParentObject: {fileID: 0}
  m_PrefabInternal: {fileID: 100100000}
  m_GameObject: {fileID: 1000013887705570}
  m_Enabled: 1
  m_EditorHideFlags: 0
  m_Script: {fileID: 11500000, guid: 1f7b187428519474db57076680c22084, type: 3}
  m_Name: 
  m_EditorClassIdentifier: 
  materialList:
  - Name: Skin
    mesh: {fileID: 137663716378247438}
    materials:
    - {fileID: 2100000, guid: ba662bcea71f6454faa6d7b199135f6f, type: 2}
    - {fileID: 2100000, guid: aaa3cabeec623db4ba5f18aa591b4f54, type: 2}
    - {fileID: 2100000, guid: 2e43e7501d02b4b4e9eea2a2f9564c3f, type: 2}
    - {fileID: 2100000, guid: d9685b5649ae5e44c8b91cbe18d21928, type: 2}
    current: 0
    HasLODs: 0
    LODs: []
    indexM: 0
  showMeshesList: 1
--- !u!114 &114058391563807406
MonoBehaviour:
  m_ObjectHideFlags: 1
  m_PrefabParentObject: {fileID: 0}
  m_PrefabInternal: {fileID: 100100000}
  m_GameObject: {fileID: 1783443124325044}
  m_Enabled: 1
  m_EditorHideFlags: 0
  m_Script: {fileID: 11500000, guid: 3ba6a0c4ae41dba499b324d6ba760f90, type: 3}
  m_Name: 
  m_EditorClassIdentifier: 
  index: 1
  damageMultiplier: 1
  PushForce: 0
  debug: 1
  DebugColor: {r: 1, g: 0.25, b: 0, a: 0.15}
--- !u!114 &114129015455338676
MonoBehaviour:
  m_ObjectHideFlags: 1
  m_PrefabParentObject: {fileID: 0}
  m_PrefabInternal: {fileID: 100100000}
  m_GameObject: {fileID: 1769745325884688}
  m_Enabled: 1
  m_EditorHideFlags: 0
  m_Script: {fileID: 11500000, guid: a9deb6e7717bd59489eda60ab51b81bb, type: 3}
  m_Name: 
  m_EditorClassIdentifier: 
  pivot: {fileID: 0}
  multiplier: 1
  debug: 1
  debugSize: 0.03
  DebugColor: {r: 0, g: 0.66896534, b: 1, a: 1}
  drawRay: 1
--- !u!114 &114229343633756198
MonoBehaviour:
  m_ObjectHideFlags: 1
  m_PrefabParentObject: {fileID: 0}
  m_PrefabInternal: {fileID: 100100000}
  m_GameObject: {fileID: 1000013887705570}
  m_Enabled: 1
  m_EditorHideFlags: 0
  m_Script: {fileID: 11500000, guid: 334fda2dd5b998e4abb8119d1343346f, type: 3}
  m_Name: 
  m_EditorClassIdentifier: 
  active: 1
  UseCamera: 0
  Target: {fileID: 0}
  LimitAngle: 80
  Smoothness: 5
  UpVector: {x: 0, y: 1, z: 0}
  Bones:
  - bone: {fileID: 4668526518864832}
    offset: {x: 0, y: -90, z: -90}
    weight: 1
  debug: 1
--- !u!114 &114261681114323058
MonoBehaviour:
  m_ObjectHideFlags: 1
  m_PrefabParentObject: {fileID: 0}
  m_PrefabInternal: {fileID: 100100000}
  m_GameObject: {fileID: 1000013887705570}
  m_Enabled: 1
  m_EditorHideFlags: 0
  m_Script: {fileID: 11500000, guid: 181eb898d7c8aa441b8df05cec988f7d, type: 3}
  m_Name: 
  m_EditorClassIdentifier: 
  Tracks: {fileID: 198000013136168986, guid: b89bf404b651df940b0f4eb9de79a61d, type: 2}
  Dust: {fileID: 198000010737321038, guid: f0e05868b149bf947969b4825ba90440, type: 2}
  StepsVolume: 0.2
  DustParticles: 15
  Scale: {x: 1, y: 1, z: 1}
  clips:
  - {fileID: 8300000, guid: 73addaaa36bc5b4478d7cbee61bd3ad0, type: 3}
  - {fileID: 8300000, guid: 7f5d9f9991c533547a0f2e8dca867933, type: 3}
  - {fileID: 8300000, guid: 50ef9e51d993734499f3ba55391226ec, type: 3}
  - {fileID: 8300000, guid: 272c1b463f5155543881cb12a3fad53b, type: 3}
  - {fileID: 8300000, guid: bbd4941d8f179af4eaa8b0e6f06352a8, type: 3}
  trackOffset: 0.0085
--- !u!114 &114292634673426754
MonoBehaviour:
  m_ObjectHideFlags: 1
  m_PrefabParentObject: {fileID: 0}
  m_PrefabInternal: {fileID: 100100000}
  m_GameObject: {fileID: 1729776368302676}
  m_Enabled: 1
  m_EditorHideFlags: 0
  m_Script: {fileID: 11500000, guid: 3ba6a0c4ae41dba499b324d6ba760f90, type: 3}
  m_Name: 
  m_EditorClassIdentifier: 
  index: 2
  damageMultiplier: 1
  PushForce: 0
  debug: 1
  DebugColor: {r: 1, g: 0.25, b: 0, a: 0.15}
--- !u!114 &114304068804497430
MonoBehaviour:
  m_ObjectHideFlags: 1
  m_PrefabParentObject: {fileID: 0}
  m_PrefabInternal: {fileID: 100100000}
  m_GameObject: {fileID: 1060895957301334}
  m_Enabled: 1
  m_EditorHideFlags: 0
  m_Script: {fileID: 11500000, guid: a9deb6e7717bd59489eda60ab51b81bb, type: 3}
  m_Name: 
  m_EditorClassIdentifier: 
  pivot: {fileID: 4264625340092106}
  multiplier: 1.49
  debug: 1
  debugSize: 0.03
  DebugColor: {r: 1, g: 1, b: 0, a: 0.372}
  drawRay: 1
--- !u!114 &114321306634379060
MonoBehaviour:
  m_ObjectHideFlags: 1
  m_PrefabParentObject: {fileID: 0}
  m_PrefabInternal: {fileID: 100100000}
  m_GameObject: {fileID: 1338921740586064}
  m_Enabled: 1
  m_EditorHideFlags: 0
  m_Script: {fileID: 11500000, guid: 0d28118109a4a004ea7f53889baf6f50, type: 3}
  m_Name: 
  m_EditorClassIdentifier: 
  WaitNextStep: 0.2
  StepAudio: {fileID: 0}
--- !u!114 &114322149082031918
MonoBehaviour:
  m_ObjectHideFlags: 1
  m_PrefabParentObject: {fileID: 0}
  m_PrefabInternal: {fileID: 100100000}
  m_GameObject: {fileID: 1863373453893102}
  m_Enabled: 1
  m_EditorHideFlags: 0
  m_Script: {fileID: 11500000, guid: 9b4de088e089c164bb239be84964ea4c, type: 3}
  m_Name: 
  m_EditorClassIdentifier: 
  UseColliders: 1
  gizmoType: 0
  alpha: 0.22
  debugSize: 0.03
  DebugColor: {r: 0, g: 0.91724133, b: 1, a: 1}
  DrawAxis: 0
  AxisSize: 0.3
--- !u!114 &114382891985860144
MonoBehaviour:
  m_ObjectHideFlags: 1
  m_PrefabParentObject: {fileID: 0}
  m_PrefabInternal: {fileID: 100100000}
  m_GameObject: {fileID: 1106851814005282}
  m_Enabled: 1
  m_EditorHideFlags: 0
  m_Script: {fileID: 11500000, guid: 0d28118109a4a004ea7f53889baf6f50, type: 3}
  m_Name: 
  m_EditorClassIdentifier: 
  WaitNextStep: 0.2
  StepAudio: {fileID: 0}
--- !u!114 &114594383240524222
MonoBehaviour:
  m_ObjectHideFlags: 1
  m_PrefabParentObject: {fileID: 0}
  m_PrefabInternal: {fileID: 100100000}
  m_GameObject: {fileID: 1359447589607594}
  m_Enabled: 1
  m_EditorHideFlags: 0
  m_Script: {fileID: 11500000, guid: 3ba6a0c4ae41dba499b324d6ba760f90, type: 3}
  m_Name: 
  m_EditorClassIdentifier: 
  index: 2
  damageMultiplier: 1
  PushForce: 0
  debug: 1
  DebugColor: {r: 1, g: 0.25, b: 0, a: 0.15}
--- !u!114 &114615538735589290
MonoBehaviour:
  m_ObjectHideFlags: 1
  m_PrefabParentObject: {fileID: 0}
  m_PrefabInternal: {fileID: 100100000}
  m_GameObject: {fileID: 1763947848455740}
  m_Enabled: 1
  m_EditorHideFlags: 0
  m_Script: {fileID: 11500000, guid: a9deb6e7717bd59489eda60ab51b81bb, type: 3}
  m_Name: 
  m_EditorClassIdentifier: 
  pivot: {fileID: 0}
  multiplier: 1.3
  debug: 1
  debugSize: 0.03
  DebugColor: {r: 1, g: 1, b: 0, a: 0.372}
  drawRay: 1
--- !u!114 &114665133534633988
MonoBehaviour:
  m_ObjectHideFlags: 1
  m_PrefabParentObject: {fileID: 0}
  m_PrefabInternal: {fileID: 100100000}
  m_GameObject: {fileID: 1132230105722552}
  m_Enabled: 1
  m_EditorHideFlags: 0
  m_Script: {fileID: 11500000, guid: 0d28118109a4a004ea7f53889baf6f50, type: 3}
  m_Name: 
  m_EditorClassIdentifier: 
  WaitNextStep: 0.2
  StepAudio: {fileID: 0}
--- !u!114 &114675036426630386
MonoBehaviour:
  m_ObjectHideFlags: 1
  m_PrefabParentObject: {fileID: 0}
  m_PrefabInternal: {fileID: 100100000}
  m_GameObject: {fileID: 1106851814005282}
  m_Enabled: 1
  m_EditorHideFlags: 0
  m_Script: {fileID: 11500000, guid: 9b4de088e089c164bb239be84964ea4c, type: 3}
  m_Name: 
  m_EditorClassIdentifier: 
  UseColliders: 1
  gizmoType: 0
  alpha: 0.22
  debugSize: 0.03
  DebugColor: {r: 0, g: 0.91724133, b: 1, a: 1}
  DrawAxis: 0
  AxisSize: 0.3
--- !u!114 &114808788362661730
MonoBehaviour:
  m_ObjectHideFlags: 1
  m_PrefabParentObject: {fileID: 0}
  m_PrefabInternal: {fileID: 100100000}
  m_GameObject: {fileID: 1132230105722552}
  m_Enabled: 1
  m_EditorHideFlags: 0
  m_Script: {fileID: 11500000, guid: 9b4de088e089c164bb239be84964ea4c, type: 3}
  m_Name: 
  m_EditorClassIdentifier: 
  UseColliders: 1
  gizmoType: 0
  alpha: 0.22
  debugSize: 0.03
  DebugColor: {r: 0, g: 0.91724133, b: 1, a: 1}
  DrawAxis: 0
  AxisSize: 0.3
--- !u!114 &114884740621959968
MonoBehaviour:
  m_ObjectHideFlags: 1
  m_PrefabParentObject: {fileID: 0}
  m_PrefabInternal: {fileID: 100100000}
  m_GameObject: {fileID: 1338921740586064}
  m_Enabled: 1
  m_EditorHideFlags: 0
  m_Script: {fileID: 11500000, guid: 9b4de088e089c164bb239be84964ea4c, type: 3}
  m_Name: 
  m_EditorClassIdentifier: 
  UseColliders: 1
  gizmoType: 0
  alpha: 0.22
  debugSize: 0.03
  DebugColor: {r: 0, g: 0.91724133, b: 1, a: 1}
  DrawAxis: 0
  AxisSize: 0.3
--- !u!114 &114919007733473492
MonoBehaviour:
  m_ObjectHideFlags: 1
  m_PrefabParentObject: {fileID: 0}
  m_PrefabInternal: {fileID: 100100000}
  m_GameObject: {fileID: 1863373453893102}
  m_Enabled: 1
  m_EditorHideFlags: 0
  m_Script: {fileID: 11500000, guid: 0d28118109a4a004ea7f53889baf6f50, type: 3}
  m_Name: 
  m_EditorClassIdentifier: 
  WaitNextStep: 0.2
  StepAudio: {fileID: 0}
--- !u!135 &135144648908263944
SphereCollider:
  m_ObjectHideFlags: 1
  m_PrefabParentObject: {fileID: 0}
  m_PrefabInternal: {fileID: 100100000}
  m_GameObject: {fileID: 1338921740586064}
  m_Material: {fileID: 0}
  m_IsTrigger: 1
  m_Enabled: 1
  serializedVersion: 2
  m_Radius: 0.05
  m_Center: {x: 0, y: 0, z: 0}
--- !u!135 &135158540539433832
SphereCollider:
  m_ObjectHideFlags: 1
  m_PrefabParentObject: {fileID: 0}
  m_PrefabInternal: {fileID: 100100000}
  m_GameObject: {fileID: 1729776368302676}
  m_Material: {fileID: 0}
  m_IsTrigger: 1
  m_Enabled: 0
  serializedVersion: 2
  m_Radius: 0.32
  m_Center: {x: 0, y: 0, z: 0}
--- !u!135 &135174544050836928
SphereCollider:
  m_ObjectHideFlags: 1
  m_PrefabParentObject: {fileID: 0}
  m_PrefabInternal: {fileID: 100100000}
  m_GameObject: {fileID: 1863373453893102}
  m_Material: {fileID: 0}
  m_IsTrigger: 1
  m_Enabled: 1
  serializedVersion: 2
  m_Radius: 0.05
  m_Center: {x: 0, y: 0, z: 0}
--- !u!135 &135350900707951468
SphereCollider:
  m_ObjectHideFlags: 1
  m_PrefabParentObject: {fileID: 0}
  m_PrefabInternal: {fileID: 100100000}
  m_GameObject: {fileID: 1132230105722552}
  m_Material: {fileID: 0}
  m_IsTrigger: 1
  m_Enabled: 1
  serializedVersion: 2
  m_Radius: 0.05
  m_Center: {x: 0, y: 0, z: 0}
--- !u!135 &135385951174221612
SphereCollider:
  m_ObjectHideFlags: 1
  m_PrefabParentObject: {fileID: 0}
  m_PrefabInternal: {fileID: 100100000}
  m_GameObject: {fileID: 1359447589607594}
  m_Material: {fileID: 0}
  m_IsTrigger: 1
  m_Enabled: 0
  serializedVersion: 2
  m_Radius: 0.32
  m_Center: {x: 0, y: 0, z: 0}
--- !u!135 &135675065227481942
SphereCollider:
  m_ObjectHideFlags: 1
  m_PrefabParentObject: {fileID: 0}
  m_PrefabInternal: {fileID: 100100000}
  m_GameObject: {fileID: 1106851814005282}
  m_Material: {fileID: 0}
  m_IsTrigger: 1
  m_Enabled: 1
  serializedVersion: 2
  m_Radius: 0.05
  m_Center: {x: 0, y: 0, z: 0}
--- !u!135 &135780385035096750
SphereCollider:
  m_ObjectHideFlags: 1
  m_PrefabParentObject: {fileID: 0}
  m_PrefabInternal: {fileID: 100100000}
  m_GameObject: {fileID: 1783443124325044}
  m_Material: {fileID: 0}
  m_IsTrigger: 1
  m_Enabled: 0
  serializedVersion: 2
  m_Radius: 0.29
  m_Center: {x: 0, y: 0, z: 0}
--- !u!136 &136330530576137826
CapsuleCollider:
  m_ObjectHideFlags: 1
  m_PrefabParentObject: {fileID: 0}
  m_PrefabInternal: {fileID: 100100000}
  m_GameObject: {fileID: 1577829292273786}
  m_Material: {fileID: 13400000, guid: 54174b87a6301064ea8788686f85bda8, type: 2}
  m_IsTrigger: 0
  m_Enabled: 1
  m_Radius: 0.28048673
  m_Height: 0.8670709
  m_Direction: 0
  m_Center: {x: -0.02, y: 0.07, z: 0}
--- !u!136 &136426896624651832
CapsuleCollider:
  m_ObjectHideFlags: 1
  m_PrefabParentObject: {fileID: 0}
  m_PrefabInternal: {fileID: 100100000}
  m_GameObject: {fileID: 1270721652655280}
  m_Material: {fileID: 0}
  m_IsTrigger: 0
  m_Enabled: 1
  m_Radius: 0.33
  m_Height: 0.75
  m_Direction: 0
  m_Center: {x: -0.17, y: 0.1, z: 0}
--- !u!136 &136514535135368970
CapsuleCollider:
  m_ObjectHideFlags: 1
  m_PrefabParentObject: {fileID: 0}
  m_PrefabInternal: {fileID: 100100000}
  m_GameObject: {fileID: 1296213010076820}
  m_Material: {fileID: 0}
  m_IsTrigger: 0
  m_Enabled: 1
  m_Radius: 0.33
  m_Height: 0.75
  m_Direction: 0
  m_Center: {x: -0.17, y: 0.1, z: 0}
--- !u!136 &136863225584340922
CapsuleCollider:
  m_ObjectHideFlags: 1
  m_PrefabParentObject: {fileID: 0}
  m_PrefabInternal: {fileID: 100100000}
  m_GameObject: {fileID: 1391660451424206}
  m_Material: {fileID: 13400000, guid: 54174b87a6301064ea8788686f85bda8, type: 2}
  m_IsTrigger: 0
  m_Enabled: 1
  m_Radius: 0.21
  m_Height: 0.468138
  m_Direction: 1
  m_Center: {x: 0.06, y: 0.16, z: 0}
--- !u!137 &137663716378247438
SkinnedMeshRenderer:
  m_ObjectHideFlags: 1
  m_PrefabParentObject: {fileID: 0}
  m_PrefabInternal: {fileID: 100100000}
  m_GameObject: {fileID: 1611764037765274}
  m_Enabled: 1
  m_CastShadows: 1
  m_ReceiveShadows: 1
  m_MotionVectors: 1
  m_LightProbeUsage: 1
  m_ReflectionProbeUsage: 1
  m_Materials:
  - {fileID: 2100000, guid: ba662bcea71f6454faa6d7b199135f6f, type: 2}
  m_StaticBatchInfo:
    firstSubMesh: 0
    subMeshCount: 0
  m_StaticBatchRoot: {fileID: 0}
  m_ProbeAnchor: {fileID: 0}
  m_LightProbeVolumeOverride: {fileID: 0}
  m_ScaleInLightmap: 1
  m_PreserveUVs: 0
  m_IgnoreNormalsForChartDetection: 0
  m_ImportantGI: 0
  m_SelectedEditorRenderState: 3
  m_MinimumChartSize: 4
  m_AutoUVMaxDistance: 0.5
  m_AutoUVMaxAngle: 89
  m_LightmapParameters: {fileID: 0}
  m_SortingLayerID: 0
  m_SortingLayer: 0
  m_SortingOrder: 0
  serializedVersion: 2
  m_Quality: 0
  m_UpdateWhenOffscreen: 0
  m_SkinnedMotionVectors: 1
  m_Mesh: {fileID: 4300002, guid: 9f271cac34f8a384fbd96577f2846b24, type: 3}
  m_Bones:
  - {fileID: 4668526518864832}
  - {fileID: 4035495271577096}
  - {fileID: 4264625340092106}
  - {fileID: 4662799092287832}
  - {fileID: 4459513590096606}
  - {fileID: 4911249837203292}
  - {fileID: 4751558933962006}
  - {fileID: 4169263373901120}
  - {fileID: 4008200809966176}
  - {fileID: 4171173529399694}
  - {fileID: 4058221762230502}
  - {fileID: 4861410765618698}
  - {fileID: 4131139274541198}
  - {fileID: 4086159074841150}
  - {fileID: 4218628724732058}
  - {fileID: 4901678234509730}
  - {fileID: 4041167656113008}
  - {fileID: 4638876504510042}
  - {fileID: 4801653419401536}
  - {fileID: 4309959525316684}
  - {fileID: 4098164396477330}
  - {fileID: 4806524430328542}
  - {fileID: 4484668798550014}
  - {fileID: 4548196318277198}
  - {fileID: 4346930688488804}
  - {fileID: 4862583953897478}
  - {fileID: 4431346341509716}
  - {fileID: 4309965282327460}
  - {fileID: 4744039002000166}
  - {fileID: 4256588659249622}
  - {fileID: 4685526395936154}
  - {fileID: 4212208297529204}
  m_BlendShapeWeights: []
  m_RootBone: {fileID: 4131139274541198}
  m_AABB:
    m_Center: {x: -0.14978242, y: 0.3069697, z: -0.0016520917}
    m_Extent: {x: 1.4663227, y: 0.65482587, z: 0.42736873}
  m_DirtyAABB: 0
