%YAML 1.1
%TAG !u! tag:unity3d.com,2011:
--- !u!1001 &100100000
Prefab:
  m_ObjectHideFlags: 1
  serializedVersion: 2
  m_Modification:
    m_TransformParent: {fileID: 0}
    m_Modifications: []
    m_RemovedComponents: []
  m_ParentPrefab: {fileID: 0}
  m_RootGameObject: {fileID: 1110002624312434}
  m_IsPrefabParent: 1
--- !u!1 &1079448624356040
GameObject:
  m_ObjectHideFlags: 1
  m_PrefabParentObject: {fileID: 0}
  m_PrefabInternal: {fileID: 100100000}
  serializedVersion: 5
  m_Component:
  - component: {fileID: 4719633411496714}
  m_Layer: 20
  m_Name: L Hand
  m_TagString: Untagged
  m_Icon: {fileID: 0}
  m_NavMeshLayer: 0
  m_StaticEditorFlags: 0
  m_IsActive: 1
--- !u!1 &1089090640507326
GameObject:
  m_ObjectHideFlags: 1
  m_PrefabParentObject: {fileID: 0}
  m_PrefabInternal: {fileID: 100100000}
  serializedVersion: 5
  m_Component:
  - component: {fileID: 4173922915372834}
  - component: {fileID: 135391227698995104}
  - component: {fileID: 114624112855673310}
  - component: {fileID: 114707230035467634}
  m_Layer: 2
  m_Name: Track Right Front
  m_TagString: Untagged
  m_Icon: {fileID: 0}
  m_NavMeshLayer: 0
  m_StaticEditorFlags: 0
  m_IsActive: 1
--- !u!1 &1103296277284172
GameObject:
  m_ObjectHideFlags: 1
  m_PrefabParentObject: {fileID: 0}
  m_PrefabInternal: {fileID: 100100000}
  serializedVersion: 5
  m_Component:
  - component: {fileID: 4298473235066236}
  m_Layer: 20
  m_Name: R Thigh
  m_TagString: Untagged
  m_Icon: {fileID: 0}
  m_NavMeshLayer: 0
  m_StaticEditorFlags: 0
  m_IsActive: 1
--- !u!1 &1110002624312434
GameObject:
  m_ObjectHideFlags: 0
  m_PrefabParentObject: {fileID: 0}
  m_PrefabInternal: {fileID: 100100000}
  serializedVersion: 5
  m_Component:
  - component: {fileID: 4277040410274974}
  - component: {fileID: 95331713315486390}
  - component: {fileID: 54661052387656224}
  - component: {fileID: 114533979405562558}
  - component: {fileID: 114304024067613242}
  - component: {fileID: 82261374109971472}
  - component: {fileID: 114048754732332006}
  - component: {fileID: 114415180452501668}
  - component: {fileID: 114468291690734346}
  - component: {fileID: 114785282154438026}
  - component: {fileID: 114185527397104414}
  - component: {fileID: 114157725543504808}
  m_Layer: 20
  m_Name: Bear
  m_TagString: Player
  m_Icon: {fileID: 0}
  m_NavMeshLayer: 0
  m_StaticEditorFlags: 0
  m_IsActive: 1
--- !u!1 &1199871361676226
GameObject:
  m_ObjectHideFlags: 1
  m_PrefabParentObject: {fileID: 0}
  m_PrefabInternal: {fileID: 100100000}
  serializedVersion: 5
  m_Component:
  - component: {fileID: 4376592953370512}
  - component: {fileID: 136194213371021772}
  - component: {fileID: 135946141359158010}
  m_Layer: 20
  m_Name: Head
  m_TagString: Untagged
  m_Icon: {fileID: 0}
  m_NavMeshLayer: 0
  m_StaticEditorFlags: 0
  m_IsActive: 1
--- !u!1 &1201924663836674
GameObject:
  m_ObjectHideFlags: 1
  m_PrefabParentObject: {fileID: 0}
  m_PrefabInternal: {fileID: 100100000}
  serializedVersion: 5
  m_Component:
  - component: {fileID: 4946947257877948}
  m_Layer: 20
  m_Name: L HorseLink
  m_TagString: Untagged
  m_Icon: {fileID: 0}
  m_NavMeshLayer: 0
  m_StaticEditorFlags: 0
  m_IsActive: 1
--- !u!1 &1205374125085110
GameObject:
  m_ObjectHideFlags: 1
  m_PrefabParentObject: {fileID: 0}
  m_PrefabInternal: {fileID: 100100000}
  serializedVersion: 5
  m_Component:
  - component: {fileID: 4511493971677060}
  m_Layer: 20
  m_Name: Pelvis
  m_TagString: Untagged
  m_Icon: {fileID: 0}
  m_NavMeshLayer: 0
  m_StaticEditorFlags: 0
  m_IsActive: 1
--- !u!1 &1220781541426024
GameObject:
  m_ObjectHideFlags: 1
  m_PrefabParentObject: {fileID: 0}
  m_PrefabInternal: {fileID: 100100000}
  serializedVersion: 5
  m_Component:
  - component: {fileID: 4488124167087948}
  m_Layer: 20
  m_Name: R Ear
  m_TagString: Untagged
  m_Icon: {fileID: 0}
  m_NavMeshLayer: 0
  m_StaticEditorFlags: 0
  m_IsActive: 1
--- !u!1 &1244315301461538
GameObject:
  m_ObjectHideFlags: 1
  m_PrefabParentObject: {fileID: 0}
  m_PrefabInternal: {fileID: 100100000}
  serializedVersion: 5
  m_Component:
  - component: {fileID: 4830180272181384}
  m_Layer: 20
  m_Name: R HorseLink
  m_TagString: Untagged
  m_Icon: {fileID: 0}
  m_NavMeshLayer: 0
  m_StaticEditorFlags: 0
  m_IsActive: 1
--- !u!1 &1294357755178072
GameObject:
  m_ObjectHideFlags: 1
  m_PrefabParentObject: {fileID: 0}
  m_PrefabInternal: {fileID: 100100000}
  serializedVersion: 5
  m_Component:
  - component: {fileID: 4471198086520872}
  - component: {fileID: 135780684032496014}
  - component: {fileID: 114327808113562474}
  m_Layer: 2
  m_Name: Attack Trigger Bite
  m_TagString: Untagged
  m_Icon: {fileID: 0}
  m_NavMeshLayer: 0
  m_StaticEditorFlags: 0
  m_IsActive: 1
--- !u!1 &1313583079764370
GameObject:
  m_ObjectHideFlags: 1
  m_PrefabParentObject: {fileID: 0}
  m_PrefabInternal: {fileID: 100100000}
  serializedVersion: 5
  m_Component:
  - component: {fileID: 4908321901725114}
  m_Layer: 20
  m_Name: R Calf
  m_TagString: Untagged
  m_Icon: {fileID: 0}
  m_NavMeshLayer: 0
  m_StaticEditorFlags: 0
  m_IsActive: 1
--- !u!1 &1332960890604196
GameObject:
  m_ObjectHideFlags: 0
  m_PrefabParentObject: {fileID: 0}
  m_PrefabInternal: {fileID: 100100000}
  serializedVersion: 5
  m_Component:
  - component: {fileID: 4950659168513362}
  - component: {fileID: 114924846571411778}
  m_Layer: 20
  m_Name: 2 PivotWater
  m_TagString: Untagged
  m_Icon: {fileID: 0}
  m_NavMeshLayer: 0
  m_StaticEditorFlags: 0
  m_IsActive: 1
--- !u!1 &1333003327653270
GameObject:
  m_ObjectHideFlags: 1
  m_PrefabParentObject: {fileID: 0}
  m_PrefabInternal: {fileID: 100100000}
  serializedVersion: 5
  m_Component:
  - component: {fileID: 4545527146306408}
  m_Layer: 20
  m_Name: L Forearm
  m_TagString: Untagged
  m_Icon: {fileID: 0}
  m_NavMeshLayer: 0
  m_StaticEditorFlags: 0
  m_IsActive: 1
--- !u!1 &1347088585530172
GameObject:
  m_ObjectHideFlags: 0
  m_PrefabParentObject: {fileID: 0}
  m_PrefabInternal: {fileID: 100100000}
  serializedVersion: 5
  m_Component:
  - component: {fileID: 4027558952039974}
  - component: {fileID: 114200830443818666}
  m_Layer: 20
  m_Name: 1 PivotChest
  m_TagString: Untagged
  m_Icon: {fileID: 0}
  m_NavMeshLayer: 0
  m_StaticEditorFlags: 0
  m_IsActive: 1
--- !u!1 &1355724868059252
GameObject:
  m_ObjectHideFlags: 0
  m_PrefabParentObject: {fileID: 0}
  m_PrefabInternal: {fileID: 100100000}
  serializedVersion: 5
  m_Component:
  - component: {fileID: 4997716332049688}
  - component: {fileID: 114893104362994760}
  m_Layer: 20
  m_Name: 0 PivotHip
  m_TagString: Untagged
  m_Icon: {fileID: 0}
  m_NavMeshLayer: 0
  m_StaticEditorFlags: 0
  m_IsActive: 1
--- !u!1 &1357535467768096
GameObject:
  m_ObjectHideFlags: 1
  m_PrefabParentObject: {fileID: 0}
  m_PrefabInternal: {fileID: 100100000}
  serializedVersion: 5
  m_Component:
  - component: {fileID: 4724732212789292}
  - component: {fileID: 135381438385343212}
  - component: {fileID: 114621518733088608}
  - component: {fileID: 114946002770537606}
  m_Layer: 2
  m_Name: Track Left Back
  m_TagString: Untagged
  m_Icon: {fileID: 0}
  m_NavMeshLayer: 0
  m_StaticEditorFlags: 0
  m_IsActive: 1
--- !u!1 &1361566200763772
GameObject:
  m_ObjectHideFlags: 0
  m_PrefabParentObject: {fileID: 0}
  m_PrefabInternal: {fileID: 100100000}
  serializedVersion: 5
  m_Component:
  - component: {fileID: 4337391288022218}
  m_Layer: 20
  m_Name: Meshes
  m_TagString: Untagged
  m_Icon: {fileID: 0}
  m_NavMeshLayer: 0
  m_StaticEditorFlags: 0
  m_IsActive: 1
--- !u!1 &1363852698421864
GameObject:
  m_ObjectHideFlags: 1
  m_PrefabParentObject: {fileID: 0}
  m_PrefabInternal: {fileID: 100100000}
  serializedVersion: 5
  m_Component:
  - component: {fileID: 4177714426016184}
  m_Layer: 20
  m_Name: Eye L
  m_TagString: Untagged
  m_Icon: {fileID: 0}
  m_NavMeshLayer: 0
  m_StaticEditorFlags: 0
  m_IsActive: 1
--- !u!1 &1379792404297372
GameObject:
  m_ObjectHideFlags: 1
  m_PrefabParentObject: {fileID: 0}
  m_PrefabInternal: {fileID: 100100000}
  serializedVersion: 5
  m_Component:
  - component: {fileID: 4626968226112450}
  m_Layer: 20
  m_Name: Tongue
  m_TagString: Untagged
  m_Icon: {fileID: 0}
  m_NavMeshLayer: 0
  m_StaticEditorFlags: 0
  m_IsActive: 1
--- !u!1 &1384439149790710
GameObject:
  m_ObjectHideFlags: 1
  m_PrefabParentObject: {fileID: 0}
  m_PrefabInternal: {fileID: 100100000}
  serializedVersion: 5
  m_Component:
  - component: {fileID: 4352628201973030}
  m_Layer: 20
  m_Name: Jaw
  m_TagString: Untagged
  m_Icon: {fileID: 0}
  m_NavMeshLayer: 0
  m_StaticEditorFlags: 0
  m_IsActive: 1
--- !u!1 &1428790338533218
GameObject:
  m_ObjectHideFlags: 1
  m_PrefabParentObject: {fileID: 0}
  m_PrefabInternal: {fileID: 100100000}
  serializedVersion: 5
  m_Component:
  - component: {fileID: 4628994658594626}
  m_Layer: 20
  m_Name: L Calf
  m_TagString: Untagged
  m_Icon: {fileID: 0}
  m_NavMeshLayer: 0
  m_StaticEditorFlags: 0
  m_IsActive: 1
--- !u!1 &1435838763407184
GameObject:
  m_ObjectHideFlags: 1
  m_PrefabParentObject: {fileID: 0}
  m_PrefabInternal: {fileID: 100100000}
  serializedVersion: 5
  m_Component:
  - component: {fileID: 4612260129998726}
  - component: {fileID: 136807711255371778}
  m_Layer: 20
  m_Name: Spine2
  m_TagString: Untagged
  m_Icon: {fileID: 0}
  m_NavMeshLayer: 0
  m_StaticEditorFlags: 0
  m_IsActive: 1
--- !u!1 &1471915401718590
GameObject:
  m_ObjectHideFlags: 1
  m_PrefabParentObject: {fileID: 0}
  m_PrefabInternal: {fileID: 100100000}
  serializedVersion: 5
  m_Component:
  - component: {fileID: 4053262441040174}
  m_Layer: 20
  m_Name: L Thigh
  m_TagString: Untagged
  m_Icon: {fileID: 0}
  m_NavMeshLayer: 0
  m_StaticEditorFlags: 0
  m_IsActive: 1
--- !u!1 &1472781465603538
GameObject:
  m_ObjectHideFlags: 1
  m_PrefabParentObject: {fileID: 0}
  m_PrefabInternal: {fileID: 100100000}
  serializedVersion: 5
  m_Component:
  - component: {fileID: 4624168618244642}
  - component: {fileID: 136324967959118340}
  m_Layer: 20
  m_Name: Spine1
  m_TagString: Untagged
  m_Icon: {fileID: 0}
  m_NavMeshLayer: 0
  m_StaticEditorFlags: 0
  m_IsActive: 1
--- !u!1 &1474012448038258
GameObject:
  m_ObjectHideFlags: 1
  m_PrefabParentObject: {fileID: 0}
  m_PrefabInternal: {fileID: 100100000}
  serializedVersion: 5
  m_Component:
  - component: {fileID: 4395572231424634}
  m_Layer: 20
  m_Name: R UpperArm
  m_TagString: Untagged
  m_Icon: {fileID: 0}
  m_NavMeshLayer: 0
  m_StaticEditorFlags: 0
  m_IsActive: 1
--- !u!1 &1506841647933980
GameObject:
  m_ObjectHideFlags: 1
  m_PrefabParentObject: {fileID: 0}
  m_PrefabInternal: {fileID: 100100000}
  serializedVersion: 5
  m_Component:
  - component: {fileID: 4378797506055478}
  m_Layer: 20
  m_Name: R Hand
  m_TagString: Untagged
  m_Icon: {fileID: 0}
  m_NavMeshLayer: 0
  m_StaticEditorFlags: 0
  m_IsActive: 1
--- !u!1 &1519422449329728
GameObject:
  m_ObjectHideFlags: 1
  m_PrefabParentObject: {fileID: 0}
  m_PrefabInternal: {fileID: 100100000}
  serializedVersion: 5
  m_Component:
  - component: {fileID: 4034573653886710}
  m_Layer: 20
  m_Name: R Forearm
  m_TagString: Untagged
  m_Icon: {fileID: 0}
  m_NavMeshLayer: 0
  m_StaticEditorFlags: 0
  m_IsActive: 1
--- !u!1 &1541384210051314
GameObject:
  m_ObjectHideFlags: 1
  m_PrefabParentObject: {fileID: 0}
  m_PrefabInternal: {fileID: 100100000}
  serializedVersion: 5
  m_Component:
  - component: {fileID: 4043617349472292}
  - component: {fileID: 136934154598620500}
  m_Layer: 20
  m_Name: Neck
  m_TagString: Untagged
  m_Icon: {fileID: 0}
  m_NavMeshLayer: 0
  m_StaticEditorFlags: 0
  m_IsActive: 1
--- !u!1 &1546822657190540
GameObject:
  m_ObjectHideFlags: 1
  m_PrefabParentObject: {fileID: 0}
  m_PrefabInternal: {fileID: 100100000}
  serializedVersion: 5
  m_Component:
  - component: {fileID: 4795890361034466}
  m_Layer: 20
  m_Name: L Clavicle
  m_TagString: Untagged
  m_Icon: {fileID: 0}
  m_NavMeshLayer: 0
  m_StaticEditorFlags: 0
  m_IsActive: 1
--- !u!1 &1599372654207574
GameObject:
  m_ObjectHideFlags: 0
  m_PrefabParentObject: {fileID: 0}
  m_PrefabInternal: {fileID: 100100000}
  serializedVersion: 5
  m_Component:
  - component: {fileID: 4204430839588600}
  - component: {fileID: 65779671250382692}
  - component: {fileID: 114454399238831568}
  m_Layer: 2
  m_Name: Attack Trigger Front
  m_TagString: Untagged
  m_Icon: {fileID: 0}
  m_NavMeshLayer: 0
  m_StaticEditorFlags: 0
  m_IsActive: 1
--- !u!1 &1617378901379376
GameObject:
  m_ObjectHideFlags: 1
  m_PrefabParentObject: {fileID: 0}
  m_PrefabInternal: {fileID: 100100000}
  serializedVersion: 5
  m_Component:
  - component: {fileID: 4161629661066128}
  m_Layer: 20
  m_Name: R Clavicle
  m_TagString: Untagged
  m_Icon: {fileID: 0}
  m_NavMeshLayer: 0
  m_StaticEditorFlags: 0
  m_IsActive: 1
--- !u!1 &1649569352706428
GameObject:
  m_ObjectHideFlags: 1
  m_PrefabParentObject: {fileID: 0}
  m_PrefabInternal: {fileID: 100100000}
  serializedVersion: 5
  m_Component:
  - component: {fileID: 4316257969264652}
  m_Layer: 20
  m_Name: L Ear
  m_TagString: Untagged
  m_Icon: {fileID: 0}
  m_NavMeshLayer: 0
  m_StaticEditorFlags: 0
  m_IsActive: 1
--- !u!1 &1663551757338112
GameObject:
  m_ObjectHideFlags: 1
  m_PrefabParentObject: {fileID: 0}
  m_PrefabInternal: {fileID: 100100000}
  serializedVersion: 5
  m_Component:
  - component: {fileID: 4102575810377700}
  m_Layer: 20
  m_Name: R Cheek
  m_TagString: Untagged
  m_Icon: {fileID: 0}
  m_NavMeshLayer: 0
  m_StaticEditorFlags: 0
  m_IsActive: 1
--- !u!1 &1676059074567462
GameObject:
  m_ObjectHideFlags: 1
  m_PrefabParentObject: {fileID: 0}
  m_PrefabInternal: {fileID: 100100000}
  serializedVersion: 5
  m_Component:
  - component: {fileID: 4902036653538012}
  m_Layer: 20
  m_Name: Eye R
  m_TagString: Untagged
  m_Icon: {fileID: 0}
  m_NavMeshLayer: 0
  m_StaticEditorFlags: 0
  m_IsActive: 1
--- !u!1 &1677661125073138
GameObject:
  m_ObjectHideFlags: 1
  m_PrefabParentObject: {fileID: 0}
  m_PrefabInternal: {fileID: 100100000}
  serializedVersion: 5
  m_Component:
  - component: {fileID: 4056095845441092}
  m_Layer: 20
  m_Name: L Cheek
  m_TagString: Untagged
  m_Icon: {fileID: 0}
  m_NavMeshLayer: 0
  m_StaticEditorFlags: 0
  m_IsActive: 1
--- !u!1 &1710694105343504
GameObject:
  m_ObjectHideFlags: 1
  m_PrefabParentObject: {fileID: 0}
  m_PrefabInternal: {fileID: 100100000}
  serializedVersion: 5
  m_Component:
  - component: {fileID: 4823193038506902}
  m_Layer: 20
  m_Name: Tail3
  m_TagString: Untagged
  m_Icon: {fileID: 0}
  m_NavMeshLayer: 0
  m_StaticEditorFlags: 0
  m_IsActive: 1
--- !u!1 &1718600565180692
GameObject:
  m_ObjectHideFlags: 1
  m_PrefabParentObject: {fileID: 0}
  m_PrefabInternal: {fileID: 100100000}
  serializedVersion: 5
  m_Component:
  - component: {fileID: 4166264922634910}
  m_Layer: 20
  m_Name: L UpperArm
  m_TagString: Untagged
  m_Icon: {fileID: 0}
  m_NavMeshLayer: 0
  m_StaticEditorFlags: 0
  m_IsActive: 1
--- !u!1 &1722671232508798
GameObject:
  m_ObjectHideFlags: 1
  m_PrefabParentObject: {fileID: 0}
  m_PrefabInternal: {fileID: 100100000}
  serializedVersion: 5
  m_Component:
  - component: {fileID: 4770867160757692}
  - component: {fileID: 137570932553355040}
  m_Layer: 20
  m_Name: Fox
  m_TagString: Untagged
  m_Icon: {fileID: 0}
  m_NavMeshLayer: 0
  m_StaticEditorFlags: 0
  m_IsActive: 1
--- !u!1 &1753682806761450
GameObject:
  m_ObjectHideFlags: 1
  m_PrefabParentObject: {fileID: 0}
  m_PrefabInternal: {fileID: 100100000}
  serializedVersion: 5
  m_Component:
  - component: {fileID: 4445914107065936}
  - component: {fileID: 137170859053266736}
  m_Layer: 20
  m_Name: Magic
  m_TagString: Untagged
  m_Icon: {fileID: 0}
  m_NavMeshLayer: 0
  m_StaticEditorFlags: 0
  m_IsActive: 0
--- !u!1 &1771329004326790
GameObject:
  m_ObjectHideFlags: 1
  m_PrefabParentObject: {fileID: 0}
  m_PrefabInternal: {fileID: 100100000}
  serializedVersion: 5
  m_Component:
  - component: {fileID: 4556115047366552}
  - component: {fileID: 135346274385066190}
  - component: {fileID: 114442952055426634}
  - component: {fileID: 114898508050685562}
  m_Layer: 2
  m_Name: Track Right Back
  m_TagString: Untagged
  m_Icon: {fileID: 0}
  m_NavMeshLayer: 0
  m_StaticEditorFlags: 0
  m_IsActive: 1
--- !u!1 &1776118613327072
GameObject:
  m_ObjectHideFlags: 1
  m_PrefabParentObject: {fileID: 0}
  m_PrefabInternal: {fileID: 100100000}
  serializedVersion: 5
  m_Component:
  - component: {fileID: 4959767975910454}
  m_Layer: 20
  m_Name: Tail
  m_TagString: Untagged
  m_Icon: {fileID: 0}
  m_NavMeshLayer: 0
  m_StaticEditorFlags: 0
  m_IsActive: 1
--- !u!1 &1807090898065330
GameObject:
  m_ObjectHideFlags: 1
  m_PrefabParentObject: {fileID: 0}
  m_PrefabInternal: {fileID: 100100000}
  serializedVersion: 5
  m_Component:
  - component: {fileID: 4766268234927184}
  m_Layer: 20
  m_Name: Tail1
  m_TagString: Untagged
  m_Icon: {fileID: 0}
  m_NavMeshLayer: 0
  m_StaticEditorFlags: 0
  m_IsActive: 1
--- !u!1 &1822563820131380
GameObject:
  m_ObjectHideFlags: 0
  m_PrefabParentObject: {fileID: 0}
  m_PrefabInternal: {fileID: 100100000}
  serializedVersion: 5
  m_Component:
  - component: {fileID: 4465609834082252}
  m_Layer: 20
  m_Name: CG
  m_TagString: Untagged
  m_Icon: {fileID: 0}
  m_NavMeshLayer: 0
  m_StaticEditorFlags: 0
  m_IsActive: 1
--- !u!1 &1906343548011168
GameObject:
  m_ObjectHideFlags: 1
  m_PrefabParentObject: {fileID: 0}
  m_PrefabInternal: {fileID: 100100000}
  serializedVersion: 5
  m_Component:
  - component: {fileID: 4048001667669334}
  - component: {fileID: 135306215166761636}
  - component: {fileID: 114584814750682962}
  - component: {fileID: 114702553516967244}
  m_Layer: 2
  m_Name: Track Left Front
  m_TagString: Untagged
  m_Icon: {fileID: 0}
  m_NavMeshLayer: 0
  m_StaticEditorFlags: 0
  m_IsActive: 1
--- !u!1 &1916033192978858
GameObject:
  m_ObjectHideFlags: 1
  m_PrefabParentObject: {fileID: 0}
  m_PrefabInternal: {fileID: 100100000}
  serializedVersion: 5
  m_Component:
  - component: {fileID: 4482012452684752}
  m_Layer: 20
  m_Name: Tail2
  m_TagString: Untagged
  m_Icon: {fileID: 0}
  m_NavMeshLayer: 0
  m_StaticEditorFlags: 0
  m_IsActive: 1
--- !u!1 &1921420090963810
GameObject:
  m_ObjectHideFlags: 1
  m_PrefabParentObject: {fileID: 0}
  m_PrefabInternal: {fileID: 100100000}
  serializedVersion: 5
  m_Component:
  - component: {fileID: 4697372515795270}
  m_Layer: 20
  m_Name: R Foot
  m_TagString: Untagged
  m_Icon: {fileID: 0}
  m_NavMeshLayer: 0
  m_StaticEditorFlags: 0
  m_IsActive: 1
--- !u!1 &1987234182982490
GameObject:
  m_ObjectHideFlags: 1
  m_PrefabParentObject: {fileID: 0}
  m_PrefabInternal: {fileID: 100100000}
  serializedVersion: 5
  m_Component:
  - component: {fileID: 4326505534946360}
  - component: {fileID: 136662905023688206}
  m_Layer: 20
  m_Name: Spine
  m_TagString: Untagged
  m_Icon: {fileID: 0}
  m_NavMeshLayer: 0
  m_StaticEditorFlags: 0
  m_IsActive: 1
--- !u!1 &1994633041916926
GameObject:
  m_ObjectHideFlags: 1
  m_PrefabParentObject: {fileID: 0}
  m_PrefabInternal: {fileID: 100100000}
  serializedVersion: 5
  m_Component:
  - component: {fileID: 4188511990103534}
  m_Layer: 20
  m_Name: L Foot
  m_TagString: Untagged
  m_Icon: {fileID: 0}
  m_NavMeshLayer: 0
  m_StaticEditorFlags: 0
  m_IsActive: 1
--- !u!4 &4027558952039974
Transform:
  m_ObjectHideFlags: 1
  m_PrefabParentObject: {fileID: 0}
  m_PrefabInternal: {fileID: 100100000}
  m_GameObject: {fileID: 1347088585530172}
  m_LocalRotation: {x: 0, y: 0, z: 0, w: 1}
  m_LocalPosition: {x: 0.013, y: 0.516, z: 0.49}
  m_LocalScale: {x: 1, y: 1, z: 1}
  m_Children: []
  m_Father: {fileID: 4277040410274974}
  m_RootOrder: 1
  m_LocalEulerAnglesHint: {x: 0, y: 0, z: 0}
--- !u!4 &4034573653886710
Transform:
  m_ObjectHideFlags: 1
  m_PrefabParentObject: {fileID: 0}
  m_PrefabInternal: {fileID: 100100000}
  m_GameObject: {fileID: 1519422449329728}
  m_LocalRotation: {x: -1.9611661e-10, y: 2.6712297e-11, z: 0.16240333, w: 0.9867245}
  m_LocalPosition: {x: -0.24908145, y: -0.000000076293944, z: 0.000000038146972}
  m_LocalScale: {x: 0.99999994, y: 1.0000001, z: 1}
  m_Children:
  - {fileID: 4378797506055478}
  m_Father: {fileID: 4395572231424634}
  m_RootOrder: 0
  m_LocalEulerAnglesHint: {x: 0, y: 0, z: 0}
--- !u!4 &4043617349472292
Transform:
  m_ObjectHideFlags: 1
  m_PrefabParentObject: {fileID: 0}
  m_PrefabInternal: {fileID: 100100000}
  m_GameObject: {fileID: 1541384210051314}
  m_LocalRotation: {x: -0.000000316865, y: -0.0000005102307, z: -0.024341527, w: 0.9997037}
  m_LocalPosition: {x: -0.13371891, y: 0.016578559, z: -0.000000007323833}
  m_LocalScale: {x: 0.9999998, y: 0.9999998, z: 1}
  m_Children:
  - {fileID: 4376592953370512}
  - {fileID: 4795890361034466}
  - {fileID: 4161629661066128}
  m_Father: {fileID: 4612260129998726}
  m_RootOrder: 0
  m_LocalEulerAnglesHint: {x: 0, y: 0, z: 0}
--- !u!4 &4048001667669334
Transform:
  m_ObjectHideFlags: 1
  m_PrefabParentObject: {fileID: 0}
  m_PrefabInternal: {fileID: 100100000}
  m_GameObject: {fileID: 1906343548011168}
  m_LocalRotation: {x: -0.51429605, y: -0.51428235, z: 0.4852843, w: -0.48529625}
  m_LocalPosition: {x: -0.017, y: -0.05, z: -0.006}
  m_LocalScale: {x: 1, y: 1, z: 1}
  m_Children: []
  m_Father: {fileID: 4719633411496714}
  m_RootOrder: 0
  m_LocalEulerAnglesHint: {x: 0, y: 0, z: 0}
--- !u!4 &4053262441040174
Transform:
  m_ObjectHideFlags: 1
  m_PrefabParentObject: {fileID: 0}
  m_PrefabInternal: {fileID: 100100000}
  m_GameObject: {fileID: 1471915401718590}
  m_LocalRotation: {x: -0.6241188, y: 0.7767225, z: -0.056314614, w: 0.06329752}
  m_LocalPosition: {x: 0.07538156, y: 0.028153304, z: 0.06541377}
  m_LocalScale: {x: 0.9523609, y: 0.9523609, z: 0.9523606}
  m_Children:
  - {fileID: 4628994658594626}
  m_Father: {fileID: 4326505534946360}
  m_RootOrder: 0
  m_LocalEulerAnglesHint: {x: 0, y: 0, z: 0}
--- !u!4 &4056095845441092
Transform:
  m_ObjectHideFlags: 1
  m_PrefabParentObject: {fileID: 0}
  m_PrefabInternal: {fileID: 100100000}
  m_GameObject: {fileID: 1677661125073138}
  m_LocalRotation: {x: 0.049700364, y: 0.55391806, z: -0.074939154, w: 0.8277009}
  m_LocalPosition: {x: 0.054028016, y: 0.20616192, z: 0.00001244714}
  m_LocalScale: {x: 1.0000001, y: 0.99999946, z: 1}
  m_Children: []
  m_Father: {fileID: 4376592953370512}
  m_RootOrder: 3
  m_LocalEulerAnglesHint: {x: 0, y: 0, z: 0}
--- !u!4 &4102575810377700
Transform:
  m_ObjectHideFlags: 1
  m_PrefabParentObject: {fileID: 0}
  m_PrefabInternal: {fileID: 100100000}
  m_GameObject: {fileID: 1663551757338112}
  m_LocalRotation: {x: -0.049700312, y: -0.55391777, z: -0.07494227, w: 0.82770085}
  m_LocalPosition: {x: 0.05402771, y: 0.20616187, z: -0.0000112802745}
  m_LocalScale: {x: 1, y: 0.9999996, z: 0.9999997}
  m_Children: []
  m_Father: {fileID: 4376592953370512}
  m_RootOrder: 5
  m_LocalEulerAnglesHint: {x: 0, y: 0, z: 0}
--- !u!4 &4161629661066128
Transform:
  m_ObjectHideFlags: 1
  m_PrefabParentObject: {fileID: 0}
  m_PrefabInternal: {fileID: 100100000}
  m_GameObject: {fileID: 1617378901379376}
  m_LocalRotation: {x: 0.6966537, y: 0.03897942, z: 0.7163395, w: 0.0034460258}
  m_LocalPosition: {x: 0.06169098, y: 0.037654687, z: 0.0000006472648}
  m_LocalScale: {x: 0.94828427, y: 0.9482847, z: 0.9482847}
  m_Children:
  - {fileID: 4395572231424634}
  m_Father: {fileID: 4043617349472292}
  m_RootOrder: 2
  m_LocalEulerAnglesHint: {x: 0, y: 0, z: 0}
--- !u!4 &4166264922634910
Transform:
  m_ObjectHideFlags: 1
  m_PrefabParentObject: {fileID: 0}
  m_PrefabInternal: {fileID: 100100000}
  m_GameObject: {fileID: 1718600565180692}
  m_LocalRotation: {x: -0.39847684, y: -0.56765044, z: 0.44899315, w: 0.5633776}
  m_LocalPosition: {x: -0.0813898, y: -0.000000038146972, z: 0}
  m_LocalScale: {x: 1, y: 0.9999998, z: 1}
  m_Children:
  - {fileID: 4545527146306408}
  m_Father: {fileID: 4795890361034466}
  m_RootOrder: 0
  m_LocalEulerAnglesHint: {x: 0, y: 0, z: 0}
--- !u!4 &4173922915372834
Transform:
  m_ObjectHideFlags: 1
  m_PrefabParentObject: {fileID: 0}
  m_PrefabInternal: {fileID: 100100000}
  m_GameObject: {fileID: 1089090640507326}
  m_LocalRotation: {x: -0.48528436, y: -0.48529753, z: 0.514296, w: -0.51428103}
  m_LocalPosition: {x: -0.017, y: -0.05, z: 0.006}
  m_LocalScale: {x: 1, y: 1, z: 1}
  m_Children: []
  m_Father: {fileID: 4378797506055478}
  m_RootOrder: 0
  m_LocalEulerAnglesHint: {x: 0, y: 0, z: 0}
--- !u!4 &4177714426016184
Transform:
  m_ObjectHideFlags: 1
  m_PrefabParentObject: {fileID: 0}
  m_PrefabInternal: {fileID: 100100000}
  m_GameObject: {fileID: 1363852698421864}
  m_LocalRotation: {x: 0.18330361, y: 0.08241892, z: -0.60435784, w: 0.7709465}
  m_LocalPosition: {x: -0.009831467, y: 0.12981696, z: 0.039705668}
  m_LocalScale: {x: 0.9999988, y: 0.9999999, z: 1.0000002}
  m_Children: []
  m_Father: {fileID: 4376592953370512}
  m_RootOrder: 0
  m_LocalEulerAnglesHint: {x: 0, y: 0, z: 0}
--- !u!4 &4188511990103534
Transform:
  m_ObjectHideFlags: 1
  m_PrefabParentObject: {fileID: 0}
  m_PrefabInternal: {fileID: 100100000}
  m_GameObject: {fileID: 1994633041916926}
  m_LocalRotation: {x: -0.09001928, y: -0.011128725, z: 0.02454494, w: 0.99557537}
  m_LocalPosition: {x: -0.1361749, y: 0.000000076293944, z: -0.000000009536743}
  m_LocalScale: {x: 1.5726997, y: 1.5726999, z: 1.5727003}
  m_Children:
  - {fileID: 4724732212789292}
  m_Father: {fileID: 4946947257877948}
  m_RootOrder: 0
  m_LocalEulerAnglesHint: {x: 0, y: 0, z: 0}
--- !u!4 &4204430839588600
Transform:
  m_ObjectHideFlags: 1
  m_PrefabParentObject: {fileID: 0}
  m_PrefabInternal: {fileID: 100100000}
  m_GameObject: {fileID: 1599372654207574}
  m_LocalRotation: {x: -0, y: -0, z: -0, w: 1}
  m_LocalPosition: {x: -0.00399971, y: 0, z: 0.9430008}
  m_LocalScale: {x: 1, y: 1, z: 1}
  m_Children: []
  m_Father: {fileID: 4277040410274974}
  m_RootOrder: 5
  m_LocalEulerAnglesHint: {x: 0, y: 0, z: 0}
--- !u!4 &4277040410274974
Transform:
  m_ObjectHideFlags: 1
  m_PrefabParentObject: {fileID: 0}
  m_PrefabInternal: {fileID: 100100000}
  m_GameObject: {fileID: 1110002624312434}
  m_LocalRotation: {x: 0, y: 1, z: 0, w: 0}
  m_LocalPosition: {x: 14.41, y: 7.16, z: 34.97}
  m_LocalScale: {x: 1, y: 1, z: 1}
  m_Children:
  - {fileID: 4997716332049688}
  - {fileID: 4027558952039974}
  - {fileID: 4950659168513362}
  - {fileID: 4337391288022218}
  - {fileID: 4465609834082252}
  - {fileID: 4204430839588600}
  m_Father: {fileID: 0}
  m_RootOrder: 0
  m_LocalEulerAnglesHint: {x: 0, y: 180, z: 0}
--- !u!4 &4298473235066236
Transform:
  m_ObjectHideFlags: 1
  m_PrefabParentObject: {fileID: 0}
  m_PrefabInternal: {fileID: 100100000}
  m_GameObject: {fileID: 1103296277284172}
  m_LocalRotation: {x: -0.624119, y: 0.7767224, z: 0.05631626, w: -0.06329548}
  m_LocalPosition: {x: 0.0753816, y: 0.028153649, z: -0.06541323}
  m_LocalScale: {x: 0.9523606, y: 0.9523605, z: 0.9523609}
  m_Children:
  - {fileID: 4908321901725114}
  m_Father: {fileID: 4326505534946360}
  m_RootOrder: 1
  m_LocalEulerAnglesHint: {x: 0, y: 0, z: 0}
--- !u!4 &4316257969264652
Transform:
  m_ObjectHideFlags: 1
  m_PrefabParentObject: {fileID: 0}
  m_PrefabInternal: {fileID: 100100000}
  m_GameObject: {fileID: 1649569352706428}
  m_LocalRotation: {x: -0.58708906, y: 0.25988606, z: 0.106759034, w: 0.75920236}
  m_LocalPosition: {x: -0.08037048, y: 0.0309663, z: 0.065457724}
  m_LocalScale: {x: 1.8330995, y: 1.5312905, z: 1.5312898}
  m_Children: []
  m_Father: {fileID: 4376592953370512}
  m_RootOrder: 4
  m_LocalEulerAnglesHint: {x: 0, y: 0, z: 0}
--- !u!4 &4326505534946360
Transform:
  m_ObjectHideFlags: 1
  m_PrefabParentObject: {fileID: 0}
  m_PrefabInternal: {fileID: 100100000}
  m_GameObject: {fileID: 1987234182982490}
  m_LocalRotation: {x: -0.0000016900473, y: 0.0000011284686, z: -0.72630143, w: 0.6873764}
  m_LocalPosition: {x: -0.023962783, y: 0.0768166, z: -0.00000020484877}
  m_LocalScale: {x: 1, y: 1, z: 1}
  m_Children:
  - {fileID: 4053262441040174}
  - {fileID: 4298473235066236}
  - {fileID: 4624168618244642}
  - {fileID: 4959767975910454}
  m_Father: {fileID: 4511493971677060}
  m_RootOrder: 0
  m_LocalEulerAnglesHint: {x: 0, y: 0, z: 0}
--- !u!4 &4337391288022218
Transform:
  m_ObjectHideFlags: 1
  m_PrefabParentObject: {fileID: 0}
  m_PrefabInternal: {fileID: 100100000}
  m_GameObject: {fileID: 1361566200763772}
  m_LocalRotation: {x: 0, y: 0, z: 0, w: 1}
  m_LocalPosition: {x: 0, y: 0, z: 0}
  m_LocalScale: {x: 1, y: 1, z: 1}
  m_Children:
  - {fileID: 4770867160757692}
  - {fileID: 4445914107065936}
  m_Father: {fileID: 4277040410274974}
  m_RootOrder: 3
  m_LocalEulerAnglesHint: {x: 0, y: 0, z: 0}
--- !u!4 &4352628201973030
Transform:
  m_ObjectHideFlags: 1
  m_PrefabParentObject: {fileID: 0}
  m_PrefabInternal: {fileID: 100100000}
  m_GameObject: {fileID: 1384439149790710}
  m_LocalRotation: {x: 0.0000011500878, y: 0.000003395814, z: -0.7746044, w: 0.6324461}
  m_LocalPosition: {x: 0.08749115, y: 0.13088845, z: 0.0000005117364}
  m_LocalScale: {x: 0.9999999, y: 0.9999999, z: 1}
  m_Children:
  - {fileID: 4626968226112450}
  m_Father: {fileID: 4376592953370512}
  m_RootOrder: 2
  m_LocalEulerAnglesHint: {x: 0, y: 0, z: 0}
--- !u!4 &4376592953370512
Transform:
  m_ObjectHideFlags: 1
  m_PrefabParentObject: {fileID: 0}
  m_PrefabInternal: {fileID: 100100000}
  m_GameObject: {fileID: 1199871361676226}
  m_LocalRotation: {x: 0.0000005694352, y: -0.0000013323858, z: 0.56470895, w: 0.82529014}
  m_LocalPosition: {x: -0.17108668, y: -0.029334793, z: -0.00000008136237}
  m_LocalScale: {x: 1.4101844, y: 1.4101849, z: 1.4101849}
  m_Children:
  - {fileID: 4177714426016184}
  - {fileID: 4902036653538012}
  - {fileID: 4352628201973030}
  - {fileID: 4056095845441092}
  - {fileID: 4316257969264652}
  - {fileID: 4102575810377700}
  - {fileID: 4488124167087948}
  - {fileID: 4471198086520872}
  m_Father: {fileID: 4043617349472292}
  m_RootOrder: 0
  m_LocalEulerAnglesHint: {x: 0, y: 0, z: 0}
--- !u!4 &4378797506055478
Transform:
  m_ObjectHideFlags: 1
  m_PrefabParentObject: {fileID: 0}
  m_PrefabInternal: {fileID: 100100000}
  m_GameObject: {fileID: 1506841647933980}
  m_LocalRotation: {x: 0.034762435, y: -0.0019085698, z: -0.06883495, w: 0.9970204}
  m_LocalPosition: {x: -0.2088601, y: 0, z: -0.000000009536743}
  m_LocalScale: {x: 1.5726994, y: 1.5726999, z: 1.5727007}
  m_Children:
  - {fileID: 4173922915372834}
  m_Father: {fileID: 4034573653886710}
  m_RootOrder: 0
  m_LocalEulerAnglesHint: {x: 0, y: 0, z: 0}
--- !u!4 &4395572231424634
Transform:
  m_ObjectHideFlags: 1
  m_PrefabParentObject: {fileID: 0}
  m_PrefabInternal: {fileID: 100100000}
  m_GameObject: {fileID: 1474012448038258}
  m_LocalRotation: {x: 0.39847687, y: 0.56765056, z: 0.4489931, w: 0.56337756}
  m_LocalPosition: {x: -0.08138974, y: -0.00000015258789, z: -0.000000038146972}
  m_LocalScale: {x: 0.99999994, y: 1.0000002, z: 0.99999976}
  m_Children:
  - {fileID: 4034573653886710}
  m_Father: {fileID: 4161629661066128}
  m_RootOrder: 0
  m_LocalEulerAnglesHint: {x: 0, y: 0, z: 0}
--- !u!4 &4445914107065936
Transform:
  m_ObjectHideFlags: 1
  m_PrefabParentObject: {fileID: 0}
  m_PrefabInternal: {fileID: 100100000}
  m_GameObject: {fileID: 1753682806761450}
  m_LocalRotation: {x: -0.7071068, y: -0, z: -0, w: 0.7071068}
  m_LocalPosition: {x: 0, y: 0, z: 0}
  m_LocalScale: {x: 1, y: 1, z: 1}
  m_Children: []
  m_Father: {fileID: 4337391288022218}
  m_RootOrder: 1
  m_LocalEulerAnglesHint: {x: 0, y: 0, z: 0}
--- !u!4 &4465609834082252
Transform:
  m_ObjectHideFlags: 1
  m_PrefabParentObject: {fileID: 0}
  m_PrefabInternal: {fileID: 100100000}
  m_GameObject: {fileID: 1822563820131380}
  m_LocalRotation: {x: -0.50000036, y: 0.4999997, z: 0.4999997, w: 0.50000036}
  m_LocalPosition: {x: 0, y: 0.5206614, z: 0}
  m_LocalScale: {x: 1, y: 1, z: 1}
  m_Children:
  - {fileID: 4511493971677060}
  m_Father: {fileID: 4277040410274974}
  m_RootOrder: 4
  m_LocalEulerAnglesHint: {x: 0, y: 0, z: 0}
--- !u!4 &4471198086520872
Transform:
  m_ObjectHideFlags: 1
  m_PrefabParentObject: {fileID: 0}
  m_PrefabInternal: {fileID: 100100000}
  m_GameObject: {fileID: 1294357755178072}
  m_LocalRotation: {x: 0, y: 0, z: 0, w: 1}
  m_LocalPosition: {x: 0.138, y: 0.384, z: -0.026}
  m_LocalScale: {x: 1, y: 1, z: 1}
  m_Children: []
  m_Father: {fileID: 4376592953370512}
  m_RootOrder: 7
  m_LocalEulerAnglesHint: {x: 0, y: 0, z: 0}
--- !u!4 &4482012452684752
Transform:
  m_ObjectHideFlags: 1
  m_PrefabParentObject: {fileID: 0}
  m_PrefabInternal: {fileID: 100100000}
  m_GameObject: {fileID: 1916033192978858}
  m_LocalRotation: {x: -7.635607e-14, y: 0.00000026396182, z: -0.09516938, w: 0.9954611}
  m_LocalPosition: {x: -0.15461256, y: -0.000120773315, z: -3.3571268e-10}
  m_LocalScale: {x: 1, y: 1, z: 1}
  m_Children:
  - {fileID: 4823193038506902}
  m_Father: {fileID: 4766268234927184}
  m_RootOrder: 0
  m_LocalEulerAnglesHint: {x: 0, y: 0, z: 0}
--- !u!4 &4488124167087948
Transform:
  m_ObjectHideFlags: 1
  m_PrefabParentObject: {fileID: 0}
  m_PrefabInternal: {fileID: 100100000}
  m_GameObject: {fileID: 1220781541426024}
  m_LocalRotation: {x: 0.5870888, y: -0.25988647, z: 0.106757544, w: 0.7592026}
  m_LocalPosition: {x: -0.08037056, y: 0.030966682, z: -0.06545755}
  m_LocalScale: {x: 1.8331003, y: 1.5312915, z: 1.5312899}
  m_Children: []
  m_Father: {fileID: 4376592953370512}
  m_RootOrder: 6
  m_LocalEulerAnglesHint: {x: 0, y: 0, z: 0}
--- !u!4 &4511493971677060
Transform:
  m_ObjectHideFlags: 1
  m_PrefabParentObject: {fileID: 0}
  m_PrefabInternal: {fileID: 100100000}
  m_GameObject: {fileID: 1205374125085110}
  m_LocalRotation: {x: -0.49999967, y: 0.50000036, z: 0.49999967, w: 0.50000036}
  m_LocalPosition: {x: -0, y: 0, z: 0}
  m_LocalScale: {x: 1, y: 1, z: 1}
  m_Children:
  - {fileID: 4326505534946360}
  m_Father: {fileID: 4465609834082252}
  m_RootOrder: 0
  m_LocalEulerAnglesHint: {x: 0, y: 0, z: 0}
--- !u!4 &4545527146306408
Transform:
  m_ObjectHideFlags: 1
  m_PrefabParentObject: {fileID: 0}
  m_PrefabInternal: {fileID: 100100000}
  m_GameObject: {fileID: 1333003327653270}
  m_LocalRotation: {x: -3.400621e-10, y: -1.7395188e-10, z: 0.16240333, w: 0.9867245}
  m_LocalPosition: {x: -0.2490814, y: -0.000000038146972, z: 0.000000028610229}
  m_LocalScale: {x: 0.99999976, y: 0.9999999, z: 0.9999998}
  m_Children:
  - {fileID: 4719633411496714}
  m_Father: {fileID: 4166264922634910}
  m_RootOrder: 0
  m_LocalEulerAnglesHint: {x: 0, y: 0, z: 0}
--- !u!4 &4556115047366552
Transform:
  m_ObjectHideFlags: 1
  m_PrefabParentObject: {fileID: 0}
  m_PrefabInternal: {fileID: 100100000}
  m_GameObject: {fileID: 1771329004326790}
  m_LocalRotation: {x: 0.50300854, y: 0.50300914, z: 0.49697334, w: -0.49697256}
  m_LocalPosition: {x: -0.022, y: 0.073, z: -0.011}
  m_LocalScale: {x: 1, y: 1, z: 1}
  m_Children: []
  m_Father: {fileID: 4697372515795270}
  m_RootOrder: 0
  m_LocalEulerAnglesHint: {x: 0, y: 0, z: 0}
--- !u!4 &4612260129998726
Transform:
  m_ObjectHideFlags: 1
  m_PrefabParentObject: {fileID: 0}
  m_PrefabInternal: {fileID: 100100000}
  m_GameObject: {fileID: 1435838763407184}
  m_LocalRotation: {x: -0.000000054858194, y: -0.00000020626217, z: 0.037515257, w: 0.99929607}
  m_LocalPosition: {x: -0.15107436, y: -0.00011993408, z: -3.1868694e-10}
  m_LocalScale: {x: 1, y: 1, z: 1}
  m_Children:
  - {fileID: 4043617349472292}
  m_Father: {fileID: 4624168618244642}
  m_RootOrder: 0
  m_LocalEulerAnglesHint: {x: 0, y: 0, z: 0}
--- !u!4 &4624168618244642
Transform:
  m_ObjectHideFlags: 1
  m_PrefabParentObject: {fileID: 0}
  m_PrefabInternal: {fileID: 100100000}
  m_GameObject: {fileID: 1472781465603538}
  m_LocalRotation: {x: -0.000000062664014, y: -0.00000020598156, z: 0.037515257, w: 0.99929607}
  m_LocalPosition: {x: -0.15107429, y: -0.000119972225, z: -3.1664968e-10}
  m_LocalScale: {x: 1.0000005, y: 1.0000005, z: 1}
  m_Children:
  - {fileID: 4612260129998726}
  m_Father: {fileID: 4326505534946360}
  m_RootOrder: 2
  m_LocalEulerAnglesHint: {x: 0, y: 0, z: 0}
--- !u!4 &4626968226112450
Transform:
  m_ObjectHideFlags: 1
  m_PrefabParentObject: {fileID: 0}
  m_PrefabInternal: {fileID: 100100000}
  m_GameObject: {fileID: 1379792404297372}
  m_LocalRotation: {x: 0.00000029046635, y: -0.0000014896508, z: 0.0065051825, w: 0.99997884}
  m_LocalPosition: {x: -0.035617944, y: -0.011794128, z: -0.00000083213905}
  m_LocalScale: {x: 1, y: 1, z: 1}
  m_Children: []
  m_Father: {fileID: 4352628201973030}
  m_RootOrder: 0
  m_LocalEulerAnglesHint: {x: 0, y: 0, z: 0}
--- !u!4 &4628994658594626
Transform:
  m_ObjectHideFlags: 1
  m_PrefabParentObject: {fileID: 0}
  m_PrefabInternal: {fileID: 100100000}
  m_GameObject: {fileID: 1428790338533218}
  m_LocalRotation: {x: -0.00000000848013, y: -0.000000005357363, z: 0.18191694, w: 0.9833139}
  m_LocalPosition: {x: -0.2201573, y: 0, z: -0.0000000023841857}
  m_LocalScale: {x: 1.0000001, y: 1, z: 1}
  m_Children:
  - {fileID: 4946947257877948}
  m_Father: {fileID: 4053262441040174}
  m_RootOrder: 0
  m_LocalEulerAnglesHint: {x: 0, y: 0, z: 0}
--- !u!4 &4697372515795270
Transform:
  m_ObjectHideFlags: 1
  m_PrefabParentObject: {fileID: 0}
  m_PrefabInternal: {fileID: 100100000}
  m_GameObject: {fileID: 1921420090963810}
  m_LocalRotation: {x: 0.090019286, y: 0.011128639, z: 0.024544932, w: 0.99557537}
  m_LocalPosition: {x: -0.13617477, y: -0.000000038146972, z: 0.000000026226044}
  m_LocalScale: {x: 1.572699, y: 1.5726997, z: 1.5727004}
  m_Children:
  - {fileID: 4556115047366552}
  m_Father: {fileID: 4830180272181384}
  m_RootOrder: 0
  m_LocalEulerAnglesHint: {x: 0, y: 0, z: 0}
--- !u!4 &4719633411496714
Transform:
  m_ObjectHideFlags: 1
  m_PrefabParentObject: {fileID: 0}
  m_PrefabInternal: {fileID: 100100000}
  m_GameObject: {fileID: 1079448624356040}
  m_LocalRotation: {x: -0.03476243, y: 0.0019085695, z: -0.06883495, w: 0.9970204}
  m_LocalPosition: {x: -0.20886013, y: 0, z: -0.000000038146972}
  m_LocalScale: {x: 1.5726994, y: 1.5726997, z: 1.5727}
  m_Children:
  - {fileID: 4048001667669334}
  m_Father: {fileID: 4545527146306408}
  m_RootOrder: 0
  m_LocalEulerAnglesHint: {x: 0, y: 0, z: 0}
--- !u!4 &4724732212789292
Transform:
  m_ObjectHideFlags: 1
  m_PrefabParentObject: {fileID: 0}
  m_PrefabInternal: {fileID: 100100000}
  m_GameObject: {fileID: 1357535467768096}
  m_LocalRotation: {x: 0.49697202, y: 0.4969726, z: 0.5030099, w: -0.503009}
  m_LocalPosition: {x: -0.022, y: 0.072, z: 0.011}
  m_LocalScale: {x: 1, y: 1, z: 1}
  m_Children: []
  m_Father: {fileID: 4188511990103534}
  m_RootOrder: 0
  m_LocalEulerAnglesHint: {x: 0, y: 0, z: 0}
--- !u!4 &4766268234927184
Transform:
  m_ObjectHideFlags: 1
  m_PrefabParentObject: {fileID: 0}
  m_PrefabInternal: {fileID: 100100000}
  m_GameObject: {fileID: 1807090898065330}
  m_LocalRotation: {x: -0.00000032596046, y: 0.0000008217422, z: -0.008845657, w: 0.9999609}
  m_LocalPosition: {x: -0.15459153, y: -0.00012313842, z: -2.600427e-10}
  m_LocalScale: {x: 1.0000006, y: 1.0000006, z: 1}
  m_Children:
  - {fileID: 4482012452684752}
  m_Father: {fileID: 4959767975910454}
  m_RootOrder: 0
  m_LocalEulerAnglesHint: {x: 0, y: 0, z: 0}
--- !u!4 &4770867160757692
Transform:
  m_ObjectHideFlags: 1
  m_PrefabParentObject: {fileID: 0}
  m_PrefabInternal: {fileID: 100100000}
  m_GameObject: {fileID: 1722671232508798}
  m_LocalRotation: {x: -0.7071068, y: -0, z: -0, w: 0.7071068}
  m_LocalPosition: {x: 0, y: 0, z: 0}
  m_LocalScale: {x: 1, y: 1, z: 1}
  m_Children: []
  m_Father: {fileID: 4337391288022218}
  m_RootOrder: 0
  m_LocalEulerAnglesHint: {x: 0, y: 0, z: 0}
--- !u!4 &4795890361034466
Transform:
  m_ObjectHideFlags: 1
  m_PrefabParentObject: {fileID: 0}
  m_PrefabInternal: {fileID: 100100000}
  m_GameObject: {fileID: 1546822657190540}
  m_LocalRotation: {x: -0.6966529, y: -0.03898177, z: 0.7163402, w: 0.0034484703}
  m_LocalPosition: {x: 0.06169098, y: 0.037654687, z: -0.00000043060862}
  m_LocalScale: {x: 0.94828427, y: 0.9482847, z: 0.9482847}
  m_Children:
  - {fileID: 4166264922634910}
  m_Father: {fileID: 4043617349472292}
  m_RootOrder: 1
  m_LocalEulerAnglesHint: {x: 0, y: 0, z: 0}
--- !u!4 &4823193038506902
Transform:
  m_ObjectHideFlags: 1
  m_PrefabParentObject: {fileID: 0}
  m_PrefabInternal: {fileID: 100100000}
  m_GameObject: {fileID: 1710694105343504}
  m_LocalRotation: {x: -6.419796e-14, y: 0.00000043618041, z: -0.15726145, w: 0.987557}
  m_LocalPosition: {x: -0.15462738, y: -0.000117034906, z: -3.2494427e-10}
  m_LocalScale: {x: 0.23605557, y: 0.70821846, z: 0.7082185}
  m_Children: []
  m_Father: {fileID: 4482012452684752}
  m_RootOrder: 0
  m_LocalEulerAnglesHint: {x: 0, y: 0, z: 0}
--- !u!4 &4830180272181384
Transform:
  m_ObjectHideFlags: 1
  m_PrefabParentObject: {fileID: 0}
  m_PrefabInternal: {fileID: 100100000}
  m_GameObject: {fileID: 1244315301461538}
  m_LocalRotation: {x: 0.0000000010660486, y: 0.0000000015968181, z: -0.33694983,
    w: 0.94152266}
  m_LocalPosition: {x: -0.14511481, y: -0.000000114440915, z: -0.000000011920928}
  m_LocalScale: {x: 0.99999994, y: 1.0000002, z: 1}
  m_Children:
  - {fileID: 4697372515795270}
  m_Father: {fileID: 4908321901725114}
  m_RootOrder: 0
  m_LocalEulerAnglesHint: {x: 0, y: 0, z: 0}
--- !u!4 &4902036653538012
Transform:
  m_ObjectHideFlags: 1
  m_PrefabParentObject: {fileID: 0}
  m_PrefabInternal: {fileID: 100100000}
  m_GameObject: {fileID: 1676059074567462}
  m_LocalRotation: {x: 0.7709472, y: -0.6043575, z: 0.08241815, w: 0.1833023}
  m_LocalPosition: {x: -0.009831314, y: 0.1298172, z: -0.039710406}
  m_LocalScale: {x: 0.9999986, y: 0.99999976, z: 1.0000001}
  m_Children: []
  m_Father: {fileID: 4376592953370512}
  m_RootOrder: 1
  m_LocalEulerAnglesHint: {x: 0, y: 0, z: 0}
--- !u!4 &4908321901725114
Transform:
  m_ObjectHideFlags: 1
  m_PrefabParentObject: {fileID: 0}
  m_PrefabInternal: {fileID: 100100000}
  m_GameObject: {fileID: 1313583079764370}
  m_LocalRotation: {x: 0.000000010666589, y: -0.0000000013415822, z: 0.18191694, w: 0.9833139}
  m_LocalPosition: {x: -0.22015701, y: -0.000000038146972, z: 0.000000007152557}
  m_LocalScale: {x: 0.9999999, y: 0.99999964, z: 0.9999999}
  m_Children:
  - {fileID: 4830180272181384}
  m_Father: {fileID: 4298473235066236}
  m_RootOrder: 0
  m_LocalEulerAnglesHint: {x: 0, y: 0, z: 0}
--- !u!4 &4946947257877948
Transform:
  m_ObjectHideFlags: 1
  m_PrefabParentObject: {fileID: 0}
  m_PrefabInternal: {fileID: 100100000}
  m_GameObject: {fileID: 1201924663836674}
  m_LocalRotation: {x: -0.000000003671856, y: 0.0000000013140747, z: -0.33694983,
    w: 0.94152266}
  m_LocalPosition: {x: -0.14511485, y: 0.000000076293944, z: 0}
  m_LocalScale: {x: 1.0000001, y: 1.0000004, z: 1}
  m_Children:
  - {fileID: 4188511990103534}
  m_Father: {fileID: 4628994658594626}
  m_RootOrder: 0
  m_LocalEulerAnglesHint: {x: 0, y: 0, z: 0}
--- !u!4 &4950659168513362
Transform:
  m_ObjectHideFlags: 1
  m_PrefabParentObject: {fileID: 0}
  m_PrefabInternal: {fileID: 100100000}
  m_GameObject: {fileID: 1332960890604196}
  m_LocalRotation: {x: 0, y: 0, z: 0, w: 1}
  m_LocalPosition: {x: 0.006, y: 0.717, z: 0.22}
  m_LocalScale: {x: 1, y: 1, z: 1}
  m_Children: []
  m_Father: {fileID: 4277040410274974}
  m_RootOrder: 2
  m_LocalEulerAnglesHint: {x: 0, y: 0, z: 0}
--- !u!4 &4959767975910454
Transform:
  m_ObjectHideFlags: 1
  m_PrefabParentObject: {fileID: 0}
  m_PrefabInternal: {fileID: 100100000}
  m_GameObject: {fileID: 1776118613327072}
  m_LocalRotation: {x: -0.00000012662011, y: -0.0000023488271, z: 0.9330867, w: -0.35965168}
  m_LocalPosition: {x: 0.22046302, y: -0.035575677, z: -0.00000010068426}
  m_LocalScale: {x: 1.0932889, y: 1.0932887, z: 1.0932887}
  m_Children:
  - {fileID: 4766268234927184}
  m_Father: {fileID: 4326505534946360}
  m_RootOrder: 3
  m_LocalEulerAnglesHint: {x: 0, y: 0, z: 0}
--- !u!4 &4997716332049688
Transform:
  m_ObjectHideFlags: 1
  m_PrefabParentObject: {fileID: 0}
  m_PrefabInternal: {fileID: 100100000}
  m_GameObject: {fileID: 1355724868059252}
  m_LocalRotation: {x: 0, y: 0, z: 0, w: 1}
  m_LocalPosition: {x: -0.002, y: 0.516, z: -0.077}
  m_LocalScale: {x: 1, y: 1, z: 1}
  m_Children: []
  m_Father: {fileID: 4277040410274974}
  m_RootOrder: 0
  m_LocalEulerAnglesHint: {x: 0, y: 0, z: 0}
--- !u!54 &54661052387656224
Rigidbody:
  m_ObjectHideFlags: 1
  m_PrefabParentObject: {fileID: 0}
  m_PrefabInternal: {fileID: 100100000}
  m_GameObject: {fileID: 1110002624312434}
  serializedVersion: 2
  m_Mass: 40
  m_Drag: 0
  m_AngularDrag: 0.05
  m_UseGravity: 1
  m_IsKinematic: 0
  m_Interpolate: 0
  m_Constraints: 116
  m_CollisionDetection: 0
--- !u!65 &65779671250382692
BoxCollider:
  m_ObjectHideFlags: 1
  m_PrefabParentObject: {fileID: 0}
  m_PrefabInternal: {fileID: 100100000}
  m_GameObject: {fileID: 1599372654207574}
  m_Material: {fileID: 0}
  m_IsTrigger: 1
  m_Enabled: 0
  serializedVersion: 2
  m_Size: {x: 0.29, y: 0.8366139, z: 0.44}
  m_Center: {x: -0.0000008009374, y: 0.41830695, z: 0.00000035762787}
--- !u!82 &82261374109971472
AudioSource:
  m_ObjectHideFlags: 1
  m_PrefabParentObject: {fileID: 0}
  m_PrefabInternal: {fileID: 100100000}
  m_GameObject: {fileID: 1110002624312434}
  m_Enabled: 1
  serializedVersion: 4
  OutputAudioMixerGroup: {fileID: 0}
  m_audioClip: {fileID: 0}
  m_PlayOnAwake: 1
  m_Volume: 1
  m_Pitch: 1
  Loop: 0
  Mute: 0
  Spatialize: 0
  SpatializePostEffects: 0
  Priority: 128
  DopplerLevel: 1
  MinDistance: 10
  MaxDistance: 10.1
  Pan2D: 0
  rolloffMode: 0
  BypassEffects: 0
  BypassListenerEffects: 0
  BypassReverbZones: 0
  rolloffCustomCurve:
    serializedVersion: 2
    m_Curve:
    - serializedVersion: 2
      time: 0
      value: 1
      inSlope: 0
      outSlope: 0
      tangentMode: 0
    - serializedVersion: 2
      time: 1
      value: 0
      inSlope: 0
      outSlope: 0
      tangentMode: 0
    m_PreInfinity: 2
    m_PostInfinity: 2
    m_RotationOrder: 4
  panLevelCustomCurve:
    serializedVersion: 2
    m_Curve:
    - serializedVersion: 2
      time: 0
      value: 0
      inSlope: 0
      outSlope: 0
      tangentMode: 0
    m_PreInfinity: 2
    m_PostInfinity: 2
    m_RotationOrder: 0
  spreadCustomCurve:
    serializedVersion: 2
    m_Curve:
    - serializedVersion: 2
      time: 0
      value: 0
      inSlope: 0
      outSlope: 0
      tangentMode: 0
    m_PreInfinity: 2
    m_PostInfinity: 2
    m_RotationOrder: 0
  reverbZoneMixCustomCurve:
    serializedVersion: 2
    m_Curve:
    - serializedVersion: 2
      time: 0
      value: 1
      inSlope: 0
      outSlope: 0
      tangentMode: 0
    m_PreInfinity: 2
    m_PostInfinity: 2
    m_RotationOrder: 0
--- !u!95 &95331713315486390
Animator:
  serializedVersion: 3
  m_ObjectHideFlags: 1
  m_PrefabParentObject: {fileID: 0}
  m_PrefabInternal: {fileID: 100100000}
  m_GameObject: {fileID: 1110002624312434}
  m_Enabled: 1
  m_Avatar: {fileID: 9000000, guid: b4dc3c74541def84191303ea727d9a51, type: 3}
  m_Controller: {fileID: 9100000, guid: 9a9ca9be051874949827310e9443be52, type: 2}
  m_CullingMode: 1
  m_UpdateMode: 1
  m_ApplyRootMotion: 1
  m_LinearVelocityBlending: 0
  m_WarningMessage: 
  m_HasTransformHierarchy: 1
  m_AllowConstantClipSamplingOptimization: 1
--- !u!114 &114048754732332006
MonoBehaviour:
  m_ObjectHideFlags: 1
  m_PrefabParentObject: {fileID: 0}
  m_PrefabInternal: {fileID: 100100000}
  m_GameObject: {fileID: 1110002624312434}
  m_Enabled: 1
  m_EditorHideFlags: 0
  m_Script: {fileID: 11500000, guid: c51aadafe0cedb841ac535263babb1a9, type: 3}
  m_Name: 
  m_EditorClassIdentifier: 
  Meshes:
  - Name: Magic
    meshes:
    - {fileID: 4445914107065936}
    - {fileID: 0}
    Current: 1
    OnActiveMesh:
      m_PersistentCalls:
        m_Calls: []
      m_TypeName: MalbersAnimations.Events.TransformEvent, Assembly-CSharp, Version=0.0.0.0,
        Culture=neutral, PublicKeyToken=null
  showMeshesList: 1
--- !u!114 &114157725543504808
MonoBehaviour:
  m_ObjectHideFlags: 1
  m_PrefabParentObject: {fileID: 0}
  m_PrefabInternal: {fileID: 100100000}
  m_GameObject: {fileID: 1110002624312434}
  m_Enabled: 1
  m_EditorHideFlags: 0
  m_Script: {fileID: 11500000, guid: aa584fbee541324448dd18d8409c7a41, type: 3}
  m_Name: 
  m_EditorClassIdentifier: 
  ownerId: 0
  group: 0
  OwnerShipWasTransfered: 0
  prefixBackup: -1
  synchronization: 0
  onSerializeTransformOption: 3
  onSerializeRigidBodyOption: 2
  ownershipTransfer: 0
  ObservedComponents:
  - {fileID: 0}
  ObservedComponentsFoldoutOpen: 1
  viewIdField: 0
  instantiationId: -1
  currentMasterID: -1
  isRuntimeInstantiated: 0
--- !u!114 &114185527397104414
MonoBehaviour:
  m_ObjectHideFlags: 1
  m_PrefabParentObject: {fileID: 0}
  m_PrefabInternal: {fileID: 100100000}
  m_GameObject: {fileID: 1110002624312434}
  m_Enabled: 1
  m_EditorHideFlags: 0
  m_Script: {fileID: 11500000, guid: 49dd20779aeca4156960e4d44538fb33, type: 3}
  m_Name: 
  m_EditorClassIdentifier: 
  points_text: {fileID: 0}
  time_text: {fileID: 0}
  rs: {fileID: 0}
--- !u!114 &114200830443818666
MonoBehaviour:
  m_ObjectHideFlags: 1
  m_PrefabParentObject: {fileID: 0}
  m_PrefabInternal: {fileID: 100100000}
  m_GameObject: {fileID: 1347088585530172}
  m_Enabled: 1
  m_EditorHideFlags: 0
  m_Script: {fileID: 11500000, guid: a9deb6e7717bd59489eda60ab51b81bb, type: 3}
  m_Name: 
  m_EditorClassIdentifier: 
  pivot: {fileID: 4043617349472292}
  multiplier: 0.87
  debug: 1
  debugSize: 0.03
  DebugColor: {r: 1, g: 1, b: 0, a: 1}
  drawRay: 1
--- !u!114 &114304024067613242
MonoBehaviour:
  m_ObjectHideFlags: 1
  m_PrefabParentObject: {fileID: 0}
  m_PrefabInternal: {fileID: 100100000}
  m_GameObject: {fileID: 1110002624312434}
  m_Enabled: 1
  m_EditorHideFlags: 0
  m_Script: {fileID: 11500000, guid: 2c3a10fa46510904caf0d339cac28562, type: 3}
  m_Name: 
  m_EditorClassIdentifier: 
  animalTypeID: 0
  JumpHeightMultiplier: 0
  JumpForwardMultiplier: 0
  GroundLayer:
    serializedVersion: 2
    m_Bits: 1
  StartSpeed: 2
  height: 0.52
  walkSpeed:
    position: 0
    animator: 1
    lerpPosition: 8
    lerpAnimator: 4
    rotation: 0
    lerpRotation: 6
  trotSpeed:
    position: 0
    animator: 1
    lerpPosition: 4
    lerpAnimator: 4
    rotation: 0
    lerpRotation: 6
  runSpeed:
    position: 0
    animator: 1
    lerpPosition: 2
    lerpAnimator: 4
    rotation: 0
    lerpRotation: 6
  airRotation: 100
  forwardJumpControl: 0
  smoothJumpForward: 2
  movementS1: 1
  movementS2: 2
  movementS3: 3
  maxAngleSlope: 45
  SlowSlopes: 1
  GotoSleep: 20
  SnapToGround: 20
  AlingToGround: 10
  FallRayDistance: 0.2
  FallRayMultiplier: 1
  TurnMultiplier: 40
  YAxisPositiveMultiplier: 1
  YAxisNegativeMultiplier: 1
  waterLine: -0.13
  swimSpeed:
    position: 0
    animator: 1
    lerpPosition: 4
    lerpAnimator: 4
    rotation: 0
    lerpRotation: 6
  canSwim: 0
  CanGoUnderWater: 0
  bank: 0
  underWaterSpeed:
    position: 0
    animator: 1
    lerpPosition: 4
    lerpAnimator: 4
    rotation: 0
    lerpRotation: 4
  flySpeed:
    position: 0
    animator: 1
    lerpPosition: 4
    lerpAnimator: 4
    rotation: 0
    lerpRotation: 4
  StartFlying: 0
  canFly: 0
  land: 1
  LockUp: 0
  life: 100
  defense: 0
  damageDelay: 0.2
  damageInterrupt: 0.2
  TotalAttacks: 4
  activeAttack: -1
  attackStrength: 0
  attackDelay: 0.5
  inmune: 0
  animatorSpeed: 1
  upDownSmoothness: 2
  debug: 1
  OnJump:
    m_PersistentCalls:
      m_Calls: []
    m_TypeName: UnityEngine.Events.UnityEvent, UnityEngine.CoreModule, Version=0.0.0.0,
      Culture=neutral, PublicKeyToken=null
  OnAttack:
    m_PersistentCalls:
      m_Calls: []
    m_TypeName: UnityEngine.Events.UnityEvent, UnityEngine.CoreModule, Version=0.0.0.0,
      Culture=neutral, PublicKeyToken=null
  OnGetDamaged:
    m_PersistentCalls:
      m_Calls: []
    m_TypeName: MalbersAnimations.Events.FloatEvent, Assembly-CSharp, Version=0.0.0.0,
      Culture=neutral, PublicKeyToken=null
  OnDeathE:
    m_PersistentCalls:
      m_Calls: []
    m_TypeName: UnityEngine.Events.UnityEvent, UnityEngine.CoreModule, Version=0.0.0.0,
      Culture=neutral, PublicKeyToken=null
  OnAction:
    m_PersistentCalls:
      m_Calls: []
    m_TypeName: UnityEngine.Events.UnityEvent, UnityEngine.CoreModule, Version=0.0.0.0,
      Culture=neutral, PublicKeyToken=null
  OnSwim:
    m_PersistentCalls:
      m_Calls: []
    m_TypeName: UnityEngine.Events.UnityEvent, UnityEngine.CoreModule, Version=0.0.0.0,
      Culture=neutral, PublicKeyToken=null
  OnFly:
    m_PersistentCalls:
      m_Calls: []
    m_TypeName: MalbersAnimations.Events.BoolEvent, Assembly-CSharp, Version=0.0.0.0,
      Culture=neutral, PublicKeyToken=null
  OnUnderWater:
    m_PersistentCalls:
      m_Calls: []
    m_TypeName: UnityEngine.Events.UnityEvent, UnityEngine.CoreModule, Version=0.0.0.0,
      Culture=neutral, PublicKeyToken=null
  OnSyncAnimator:
    m_PersistentCalls:
      m_Calls: []
    m_TypeName: UnityEngine.Events.UnityEvent, UnityEngine.CoreModule, Version=0.0.0.0,
      Culture=neutral, PublicKeyToken=null
  EditorGeneral: 1
  EditorGround: 1
  EditorWater: 1
  EditorAir: 1
  EditorAdvanced: 1
  EditorAirControl: 1
  EditorAttributes: 1
  EditorEvents: 1
--- !u!114 &114327808113562474
MonoBehaviour:
  m_ObjectHideFlags: 1
  m_PrefabParentObject: {fileID: 0}
  m_PrefabInternal: {fileID: 100100000}
  m_GameObject: {fileID: 1294357755178072}
  m_Enabled: 1
  m_EditorHideFlags: 0
  m_Script: {fileID: 11500000, guid: 3ba6a0c4ae41dba499b324d6ba760f90, type: 3}
  m_Name: 
  m_EditorClassIdentifier: 
  index: 1
  damageMultiplier: 1
  PushForce: 0
  debug: 1
  DebugColor: {r: 1, g: 0.25, b: 0, a: 0.15}
--- !u!114 &114415180452501668
MonoBehaviour:
  m_ObjectHideFlags: 1
  m_PrefabParentObject: {fileID: 0}
  m_PrefabInternal: {fileID: 100100000}
  m_GameObject: {fileID: 1110002624312434}
  m_Enabled: 1
  m_EditorHideFlags: 0
  m_Script: {fileID: 11500000, guid: 1f7b187428519474db57076680c22084, type: 3}
  m_Name: 
  m_EditorClassIdentifier: 
  materialList:
  - Name: Skin
    mesh: {fileID: 137570932553355040}
    materials:
    - {fileID: 2100000, guid: f7d139f5e6a3c9c44a5835eca8271951, type: 2}
    - {fileID: 2100000, guid: 1e28f2ea86686bf46bd1a28256f0888b, type: 2}
    - {fileID: 2100000, guid: fcc8068c8b002c442a7b5f8ffe02d0a1, type: 2}
    - {fileID: 2100000, guid: af3a7daa4e44b814d8193ab256a1f9d7, type: 2}
    - {fileID: 2100000, guid: 8d90183e2b86ad442a615272550d044a, type: 2}
    current: 4
    HasLODs: 0
    LODs: []
    indexM: 0
  - Name: Magic
    mesh: {fileID: 137170859053266736}
    materials:
    - {fileID: 2100000, guid: c4976ecf03899a04a8d5faa68fcc1a02, type: 2}
    - {fileID: 2100000, guid: ebf64ba4602dfa0439b76dac306e1522, type: 2}
    - {fileID: 2100000, guid: 5578bdf27ee7bf743bd72e8e4172913c, type: 2}
    - {fileID: 2100000, guid: 9e69f0b8560e90741aff6f38811f51d1, type: 2}
    - {fileID: 2100000, guid: e06654e42f6991548a76f7ed883c3515, type: 2}
    - {fileID: 2100000, guid: 5e2948538d3401c4e9b045835fad426a, type: 2}
    current: 0
    HasLODs: 0
    LODs: []
    indexM: 0
  showMeshesList: 1
--- !u!114 &114442952055426634
MonoBehaviour:
  m_ObjectHideFlags: 1
  m_PrefabParentObject: {fileID: 0}
  m_PrefabInternal: {fileID: 100100000}
  m_GameObject: {fileID: 1771329004326790}
  m_Enabled: 1
  m_EditorHideFlags: 0
  m_Script: {fileID: 11500000, guid: 0d28118109a4a004ea7f53889baf6f50, type: 3}
  m_Name: 
  m_EditorClassIdentifier: 
  WaitNextStep: 0.5
  StepAudio: {fileID: 0}
--- !u!114 &114454399238831568
MonoBehaviour:
  m_ObjectHideFlags: 1
  m_PrefabParentObject: {fileID: 0}
  m_PrefabInternal: {fileID: 100100000}
  m_GameObject: {fileID: 1599372654207574}
  m_Enabled: 1
  m_EditorHideFlags: 0
  m_Script: {fileID: 11500000, guid: 3ba6a0c4ae41dba499b324d6ba760f90, type: 3}
  m_Name: 
  m_EditorClassIdentifier: 
  index: 2
  damageMultiplier: 1
  PushForce: 0
  debug: 1
  DebugColor: {r: 1, g: 0.25, b: 0, a: 0.15}
--- !u!114 &114468291690734346
MonoBehaviour:
  m_ObjectHideFlags: 1
  m_PrefabParentObject: {fileID: 0}
  m_PrefabInternal: {fileID: 100100000}
  m_GameObject: {fileID: 1110002624312434}
  m_Enabled: 1
  m_EditorHideFlags: 0
  m_Script: {fileID: 11500000, guid: 181eb898d7c8aa441b8df05cec988f7d, type: 3}
  m_Name: 
  m_EditorClassIdentifier: 
  Tracks: {fileID: 198000013136168986, guid: b89bf404b651df940b0f4eb9de79a61d, type: 2}
  Dust: {fileID: 198000010737321038, guid: f0e05868b149bf947969b4825ba90440, type: 2}
  StepsVolume: 0.2
  DustParticles: 15
  Scale: {x: 1, y: 1, z: 1}
  clips:
  - {fileID: 8300000, guid: 73addaaa36bc5b4478d7cbee61bd3ad0, type: 3}
  - {fileID: 8300000, guid: 7f5d9f9991c533547a0f2e8dca867933, type: 3}
  - {fileID: 8300000, guid: 50ef9e51d993734499f3ba55391226ec, type: 3}
  - {fileID: 8300000, guid: 272c1b463f5155543881cb12a3fad53b, type: 3}
  - {fileID: 8300000, guid: bbd4941d8f179af4eaa8b0e6f06352a8, type: 3}
  trackOffset: 0.0085
--- !u!114 &114533979405562558
MonoBehaviour:
  m_ObjectHideFlags: 1
  m_PrefabParentObject: {fileID: 0}
  m_PrefabInternal: {fileID: 100100000}
  m_GameObject: {fileID: 1110002624312434}
  m_Enabled: 1
  m_EditorHideFlags: 0
  m_Script: {fileID: 11500000, guid: 12fd74a46159fd04b9a3d3d643cdb50f, type: 3}
  m_Name: 
  m_EditorClassIdentifier: 
  inputs:
  - active: 1
    name: Jump
    type: 0
    input: Jump
    key: 32
    GetPressed: 0
  - active: 1
    name: Shift
    type: 0
    input: Fire3
    key: 304
    GetPressed: 0
  - active: 1
    name: Attack1
    type: 0
    input: Fire1
    key: 323
    GetPressed: 0
  - active: 0
    name: Speed1
    type: 1
    input: Speed1
    key: 49
    GetPressed: 1
  - active: 0
    name: Speed2
    type: 1
    input: Speed2
    key: 50
    GetPressed: 1
  - active: 0
    name: Speed3
    type: 1
    input: Speed3
    key: 51
    GetPressed: 1
  - active: 1
    name: SpeedDown
    type: 1
    input: SpeedDown
    key: 49
    GetPressed: 1
  - active: 1
    name: SpeedUp
    type: 1
    input: SpeedUp
    key: 50
    GetPressed: 1
  - active: 1
    name: Action
    type: 1
    input: Action
    key: 101
    GetPressed: 1
  - active: 1
    name: Stun
    type: 1
    input: Action
    key: 104
    GetPressed: 0
  ActiveHorizontal: 1
  ActiveVertical: 1
  Horizontal: Horizontal
  Vertical: Vertical
  AxisRaw: 1
  cameraBaseInput: 0
  alwaysForward: 0
--- !u!114 &114584814750682962
MonoBehaviour:
  m_ObjectHideFlags: 1
  m_PrefabParentObject: {fileID: 0}
  m_PrefabInternal: {fileID: 100100000}
  m_GameObject: {fileID: 1906343548011168}
  m_Enabled: 1
  m_EditorHideFlags: 0
  m_Script: {fileID: 11500000, guid: 0d28118109a4a004ea7f53889baf6f50, type: 3}
  m_Name: 
  m_EditorClassIdentifier: 
  WaitNextStep: 0.5
  StepAudio: {fileID: 0}
--- !u!114 &114621518733088608
MonoBehaviour:
  m_ObjectHideFlags: 1
  m_PrefabParentObject: {fileID: 0}
  m_PrefabInternal: {fileID: 100100000}
  m_GameObject: {fileID: 1357535467768096}
  m_Enabled: 1
  m_EditorHideFlags: 0
  m_Script: {fileID: 11500000, guid: 0d28118109a4a004ea7f53889baf6f50, type: 3}
  m_Name: 
  m_EditorClassIdentifier: 
  WaitNextStep: 0.5
  StepAudio: {fileID: 0}
--- !u!114 &114624112855673310
MonoBehaviour:
  m_ObjectHideFlags: 1
  m_PrefabParentObject: {fileID: 0}
  m_PrefabInternal: {fileID: 100100000}
  m_GameObject: {fileID: 1089090640507326}
  m_Enabled: 1
  m_EditorHideFlags: 0
  m_Script: {fileID: 11500000, guid: 0d28118109a4a004ea7f53889baf6f50, type: 3}
  m_Name: 
  m_EditorClassIdentifier: 
  WaitNextStep: 0.5
  StepAudio: {fileID: 0}
--- !u!114 &114702553516967244
MonoBehaviour:
  m_ObjectHideFlags: 1
  m_PrefabParentObject: {fileID: 0}
  m_PrefabInternal: {fileID: 100100000}
  m_GameObject: {fileID: 1906343548011168}
  m_Enabled: 1
  m_EditorHideFlags: 0
  m_Script: {fileID: 11500000, guid: 9b4de088e089c164bb239be84964ea4c, type: 3}
  m_Name: 
  m_EditorClassIdentifier: 
  UseColliders: 1
  gizmoType: 0
  alpha: 0.22
  debugSize: 0.03
  DebugColor: {r: 0, g: 0.91724133, b: 1, a: 1}
  DrawAxis: 0
  AxisSize: 0.3
--- !u!114 &114707230035467634
MonoBehaviour:
  m_ObjectHideFlags: 1
  m_PrefabParentObject: {fileID: 0}
  m_PrefabInternal: {fileID: 100100000}
  m_GameObject: {fileID: 1089090640507326}
  m_Enabled: 1
  m_EditorHideFlags: 0
  m_Script: {fileID: 11500000, guid: 9b4de088e089c164bb239be84964ea4c, type: 3}
  m_Name: 
  m_EditorClassIdentifier: 
  UseColliders: 1
  gizmoType: 0
  alpha: 0.22
  debugSize: 0.03
  DebugColor: {r: 0, g: 0.91724133, b: 1, a: 1}
  DrawAxis: 0
  AxisSize: 0.3
--- !u!114 &114785282154438026
MonoBehaviour:
  m_ObjectHideFlags: 1
  m_PrefabParentObject: {fileID: 0}
  m_PrefabInternal: {fileID: 100100000}
  m_GameObject: {fileID: 1110002624312434}
  m_Enabled: 1
  m_EditorHideFlags: 0
  m_Script: {fileID: 11500000, guid: 334fda2dd5b998e4abb8119d1343346f, type: 3}
  m_Name: 
  m_EditorClassIdentifier: 
  active: 1
  UseCamera: 0
  Target: {fileID: 0}
  LimitAngle: 80
  Smoothness: 5
  UpVector: {x: 0, y: 1, z: 0}
  Bones: []
  debug: 1
--- !u!114 &114893104362994760
MonoBehaviour:
  m_ObjectHideFlags: 1
  m_PrefabParentObject: {fileID: 0}
  m_PrefabInternal: {fileID: 100100000}
  m_GameObject: {fileID: 1355724868059252}
  m_Enabled: 1
  m_EditorHideFlags: 0
  m_Script: {fileID: 11500000, guid: a9deb6e7717bd59489eda60ab51b81bb, type: 3}
  m_Name: 
  m_EditorClassIdentifier: 
  pivot: {fileID: 0}
  multiplier: 0.7
  debug: 1
  debugSize: 0.03
  DebugColor: {r: 1, g: 1, b: 0, a: 1}
  drawRay: 1
--- !u!114 &114898508050685562
MonoBehaviour:
  m_ObjectHideFlags: 1
  m_PrefabParentObject: {fileID: 0}
  m_PrefabInternal: {fileID: 100100000}
  m_GameObject: {fileID: 1771329004326790}
  m_Enabled: 1
  m_EditorHideFlags: 0
  m_Script: {fileID: 11500000, guid: 9b4de088e089c164bb239be84964ea4c, type: 3}
  m_Name: 
  m_EditorClassIdentifier: 
  UseColliders: 1
  gizmoType: 0
  alpha: 0.22
  debugSize: 0.03
  DebugColor: {r: 0, g: 0.91724133, b: 1, a: 1}
  DrawAxis: 0
  AxisSize: 0.3
--- !u!114 &114924846571411778
MonoBehaviour:
  m_ObjectHideFlags: 1
  m_PrefabParentObject: {fileID: 0}
  m_PrefabInternal: {fileID: 100100000}
  m_GameObject: {fileID: 1332960890604196}
  m_Enabled: 1
  m_EditorHideFlags: 0
  m_Script: {fileID: 11500000, guid: a9deb6e7717bd59489eda60ab51b81bb, type: 3}
  m_Name: 
  m_EditorClassIdentifier: 
  pivot: {fileID: 0}
  multiplier: 0.6
  debug: 1
  debugSize: 0.03
  DebugColor: {r: 0, g: 0.66896534, b: 1, a: 1}
  drawRay: 1
--- !u!114 &114946002770537606
MonoBehaviour:
  m_ObjectHideFlags: 1
  m_PrefabParentObject: {fileID: 0}
  m_PrefabInternal: {fileID: 100100000}
  m_GameObject: {fileID: 1357535467768096}
  m_Enabled: 1
  m_EditorHideFlags: 0
  m_Script: {fileID: 11500000, guid: 9b4de088e089c164bb239be84964ea4c, type: 3}
  m_Name: 
  m_EditorClassIdentifier: 
  UseColliders: 1
  gizmoType: 0
  alpha: 0.22
  debugSize: 0.03
  DebugColor: {r: 0, g: 0.91724133, b: 1, a: 1}
  DrawAxis: 0
  AxisSize: 0.3
--- !u!135 &135306215166761636
SphereCollider:
  m_ObjectHideFlags: 1
  m_PrefabParentObject: {fileID: 0}
  m_PrefabInternal: {fileID: 100100000}
  m_GameObject: {fileID: 1906343548011168}
  m_Material: {fileID: 0}
  m_IsTrigger: 1
  m_Enabled: 1
  serializedVersion: 2
  m_Radius: 0.04
  m_Center: {x: 0, y: 0, z: 0}
--- !u!135 &135346274385066190
SphereCollider:
  m_ObjectHideFlags: 1
  m_PrefabParentObject: {fileID: 0}
  m_PrefabInternal: {fileID: 100100000}
  m_GameObject: {fileID: 1771329004326790}
  m_Material: {fileID: 0}
  m_IsTrigger: 1
  m_Enabled: 1
  serializedVersion: 2
  m_Radius: 0.04
  m_Center: {x: 0, y: 0, z: 0}
--- !u!135 &135381438385343212
SphereCollider:
  m_ObjectHideFlags: 1
  m_PrefabParentObject: {fileID: 0}
  m_PrefabInternal: {fileID: 100100000}
  m_GameObject: {fileID: 1357535467768096}
  m_Material: {fileID: 0}
  m_IsTrigger: 1
  m_Enabled: 1
  serializedVersion: 2
  m_Radius: 0.04
  m_Center: {x: 0, y: 0, z: 0}
--- !u!135 &135391227698995104
SphereCollider:
  m_ObjectHideFlags: 1
  m_PrefabParentObject: {fileID: 0}
  m_PrefabInternal: {fileID: 100100000}
  m_GameObject: {fileID: 1089090640507326}
  m_Material: {fileID: 0}
  m_IsTrigger: 1
  m_Enabled: 1
  serializedVersion: 2
  m_Radius: 0.04
  m_Center: {x: 0, y: 0, z: 0}
--- !u!135 &135780684032496014
SphereCollider:
  m_ObjectHideFlags: 1
  m_PrefabParentObject: {fileID: 0}
  m_PrefabInternal: {fileID: 100100000}
  m_GameObject: {fileID: 1294357755178072}
  m_Material: {fileID: 0}
  m_IsTrigger: 1
  m_Enabled: 0
  serializedVersion: 2
  m_Radius: 0.19
  m_Center: {x: 0, y: 0, z: 0}
--- !u!135 &135946141359158010
SphereCollider:
  m_ObjectHideFlags: 1
  m_PrefabParentObject: {fileID: 0}
  m_PrefabInternal: {fileID: 100100000}
  m_GameObject: {fileID: 1199871361676226}
  m_Material: {fileID: 13400000, guid: 54174b87a6301064ea8788686f85bda8, type: 2}
  m_IsTrigger: 0
  m_Enabled: 1
  serializedVersion: 2
  m_Radius: 0.095
  m_Center: {x: 0, y: 0.06, z: 0}
--- !u!136 &136194213371021772
CapsuleCollider:
  m_ObjectHideFlags: 1
  m_PrefabParentObject: {fileID: 0}
  m_PrefabInternal: {fileID: 100100000}
  m_GameObject: {fileID: 1199871361676226}
  m_Material: {fileID: 13400000, guid: 54174b87a6301064ea8788686f85bda8, type: 2}
  m_IsTrigger: 0
  m_Enabled: 1
  m_Radius: 0.05
  m_Height: 0.22354025
  m_Direction: 1
  m_Center: {x: 0.06, y: 0.12, z: 0}
--- !u!136 &136324967959118340
CapsuleCollider:
  m_ObjectHideFlags: 1
  m_PrefabParentObject: {fileID: 0}
  m_PrefabInternal: {fileID: 100100000}
  m_GameObject: {fileID: 1472781465603538}
  m_Material: {fileID: 13400000, guid: 54174b87a6301064ea8788686f85bda8, type: 2}
  m_IsTrigger: 0
  m_Enabled: 1
  m_Radius: 0.11309509
  m_Height: 0.45255604
  m_Direction: 0
  m_Center: {x: 0, y: 0.04, z: 0}
--- !u!136 &136662905023688206
CapsuleCollider:
  m_ObjectHideFlags: 1
  m_PrefabParentObject: {fileID: 0}
  m_PrefabInternal: {fileID: 100100000}
  m_GameObject: {fileID: 1987234182982490}
  m_Material: {fileID: 13400000, guid: 54174b87a6301064ea8788686f85bda8, type: 2}
  m_IsTrigger: 0
  m_Enabled: 1
  m_Radius: 0.121
  m_Height: 0.45255604
  m_Direction: 0
  m_Center: {x: 0.03, y: 0.05, z: 0}
--- !u!136 &136807711255371778
CapsuleCollider:
  m_ObjectHideFlags: 1
  m_PrefabParentObject: {fileID: 0}
  m_PrefabInternal: {fileID: 100100000}
  m_GameObject: {fileID: 1435838763407184}
  m_Material: {fileID: 13400000, guid: 54174b87a6301064ea8788686f85bda8, type: 2}
  m_IsTrigger: 0
  m_Enabled: 1
  m_Radius: 0.121
  m_Height: 0.45255604
  m_Direction: 0
  m_Center: {x: 0, y: 0.05, z: 0}
--- !u!136 &136934154598620500
CapsuleCollider:
  m_ObjectHideFlags: 1
  m_PrefabParentObject: {fileID: 0}
  m_PrefabInternal: {fileID: 100100000}
  m_GameObject: {fileID: 1541384210051314}
  m_Material: {fileID: 13400000, guid: 54174b87a6301064ea8788686f85bda8, type: 2}
  m_IsTrigger: 0
  m_Enabled: 1
  m_Radius: 0.09
  m_Height: 0.31
  m_Direction: 0
  m_Center: {x: -0.08, y: 0, z: 0}
--- !u!137 &137170859053266736
SkinnedMeshRenderer:
  m_ObjectHideFlags: 1
  m_PrefabParentObject: {fileID: 0}
  m_PrefabInternal: {fileID: 100100000}
  m_GameObject: {fileID: 1753682806761450}
  m_Enabled: 1
  m_CastShadows: 1
  m_ReceiveShadows: 1
  m_DynamicOccludee: 1
  m_MotionVectors: 1
  m_LightProbeUsage: 1
  m_ReflectionProbeUsage: 1
  m_Materials:
  - {fileID: 2100000, guid: c4976ecf03899a04a8d5faa68fcc1a02, type: 2}
  m_StaticBatchInfo:
    firstSubMesh: 0
    subMeshCount: 0
  m_StaticBatchRoot: {fileID: 0}
  m_ProbeAnchor: {fileID: 0}
  m_LightProbeVolumeOverride: {fileID: 0}
  m_ScaleInLightmap: 1
  m_PreserveUVs: 0
  m_IgnoreNormalsForChartDetection: 0
  m_ImportantGI: 0
  m_StitchLightmapSeams: 0
  m_SelectedEditorRenderState: 3
  m_MinimumChartSize: 4
  m_AutoUVMaxDistance: 0.5
  m_AutoUVMaxAngle: 89
  m_LightmapParameters: {fileID: 0}
  m_SortingLayerID: 0
  m_SortingLayer: 0
  m_SortingOrder: 0
  serializedVersion: 2
  m_Quality: 0
  m_UpdateWhenOffscreen: 0
  m_SkinnedMotionVectors: 1
  m_Mesh: {fileID: 4300002, guid: b4dc3c74541def84191303ea727d9a51, type: 3}
  m_Bones:
  - {fileID: 4376592953370512}
  - {fileID: 4056095845441092}
  - {fileID: 4177714426016184}
  - {fileID: 4043617349472292}
  - {fileID: 4352628201973030}
  - {fileID: 4316257969264652}
  - {fileID: 4166264922634910}
  - {fileID: 4612260129998726}
  - {fileID: 4795890361034466}
  - {fileID: 4624168618244642}
  - {fileID: 4545527146306408}
  - {fileID: 4053262441040174}
  - {fileID: 4511493971677060}
  - {fileID: 4326505534946360}
  - {fileID: 4628994658594626}
  - {fileID: 4946947257877948}
  - {fileID: 4719633411496714}
  - {fileID: 4188511990103534}
  - {fileID: 4161629661066128}
  - {fileID: 4298473235066236}
  - {fileID: 4959767975910454}
  - {fileID: 4766268234927184}
  - {fileID: 4482012452684752}
  - {fileID: 4823193038506902}
  - {fileID: 4395572231424634}
  - {fileID: 4034573653886710}
  - {fileID: 4908321901725114}
  - {fileID: 4378797506055478}
  - {fileID: 4697372515795270}
  - {fileID: 4830180272181384}
  - {fileID: 4902036653538012}
  - {fileID: 4488124167087948}
  - {fileID: 4102575810377700}
  m_BlendShapeWeights:
  - 77.31
  - 31.6
  - 45
  - 100
  - 50
  - 50
  - 100
  - 0
  - 25
  - 50
  - 20
  m_RootBone: {fileID: 4511493971677060}
  m_AABB:
    m_Center: {x: 0.11493045, y: 0.18775713, z: 0.00047372282}
    m_Extent: {x: 0.4146288, y: 0.8101045, z: 0.20203863}
  m_DirtyAABB: 0
--- !u!137 &137570932553355040
SkinnedMeshRenderer:
  m_ObjectHideFlags: 1
  m_PrefabParentObject: {fileID: 0}
  m_PrefabInternal: {fileID: 100100000}
  m_GameObject: {fileID: 1722671232508798}
  m_Enabled: 1
  m_CastShadows: 1
  m_ReceiveShadows: 1
  m_DynamicOccludee: 1
  m_MotionVectors: 1
  m_LightProbeUsage: 1
  m_ReflectionProbeUsage: 1
  m_Materials:
  - {fileID: 2100000, guid: 8d90183e2b86ad442a615272550d044a, type: 2}
  m_StaticBatchInfo:
    firstSubMesh: 0
    subMeshCount: 0
  m_StaticBatchRoot: {fileID: 0}
  m_ProbeAnchor: {fileID: 0}
  m_LightProbeVolumeOverride: {fileID: 0}
  m_ScaleInLightmap: 1
  m_PreserveUVs: 0
  m_IgnoreNormalsForChartDetection: 0
  m_ImportantGI: 0
  m_StitchLightmapSeams: 0
  m_SelectedEditorRenderState: 3
  m_MinimumChartSize: 4
  m_AutoUVMaxDistance: 0.5
  m_AutoUVMaxAngle: 89
  m_LightmapParameters: {fileID: 0}
  m_SortingLayerID: 0
  m_SortingLayer: 0
  m_SortingOrder: 0
  serializedVersion: 2
  m_Quality: 0
  m_UpdateWhenOffscreen: 0
  m_SkinnedMotionVectors: 1
  m_Mesh: {fileID: 4300000, guid: b4dc3c74541def84191303ea727d9a51, type: 3}
  m_Bones:
  - {fileID: 4376592953370512}
  - {fileID: 4056095845441092}
  - {fileID: 4177714426016184}
  - {fileID: 4166264922634910}
  - {fileID: 4612260129998726}
  - {fileID: 4795890361034466}
  - {fileID: 4624168618244642}
  - {fileID: 4053262441040174}
  - {fileID: 4511493971677060}
  - {fileID: 4326505534946360}
  - {fileID: 4043617349472292}
  - {fileID: 4298473235066236}
  - {fileID: 4628994658594626}
  - {fileID: 4959767975910454}
  - {fileID: 4766268234927184}
  - {fileID: 4482012452684752}
  - {fileID: 4823193038506902}
  - {fileID: 4316257969264652}
  - {fileID: 4946947257877948}
  - {fileID: 4352628201973030}
  - {fileID: 4545527146306408}
  - {fileID: 4188511990103534}
  - {fileID: 4719633411496714}
  - {fileID: 4395572231424634}
  - {fileID: 4626968226112450}
  - {fileID: 4161629661066128}
  - {fileID: 4102575810377700}
  - {fileID: 4902036653538012}
  - {fileID: 4488124167087948}
  - {fileID: 4034573653886710}
  - {fileID: 4908321901725114}
  - {fileID: 4830180272181384}
  - {fileID: 4697372515795270}
  - {fileID: 4378797506055478}
  m_BlendShapeWeights:
  - 77.31
  - 31.6
  - 45
  - 100
  - 50
  - 50
  - 100
  - 0
  - 25
  - 50
  - 20
  m_RootBone: {fileID: 4511493971677060}
  m_AABB:
    m_Center: {x: 0.13028118, y: 0.14924312, z: -0.0066986457}
    m_Extent: {x: 0.39451364, y: 0.8567476, z: 0.18668666}
  m_DirtyAABB: 0
