%YAML 1.1
%TAG !u! tag:unity3d.com,2011:
--- !u!1001 &100100000
Prefab:
  m_ObjectHideFlags: 1
  serializedVersion: 2
  m_Modification:
    m_TransformParent: {fileID: 0}
    m_Modifications: []
    m_RemovedComponents: []
  m_ParentPrefab: {fileID: 0}
  m_RootGameObject: {fileID: 1839900965448946}
  m_IsPrefabParent: 1
--- !u!1 &1005589618196724
GameObject:
  m_ObjectHideFlags: 1
  m_PrefabParentObject: {fileID: 0}
  m_PrefabInternal: {fileID: 100100000}
  serializedVersion: 5
  m_Component:
  - component: {fileID: 4148335909381532}
  m_Layer: 20
  m_Name: L HorseLink
  m_TagString: Untagged
  m_Icon: {fileID: 0}
  m_NavMeshLayer: 0
  m_StaticEditorFlags: 0
  m_IsActive: 1
--- !u!1 &1012988448520496
GameObject:
  m_ObjectHideFlags: 1
  m_PrefabParentObject: {fileID: 0}
  m_PrefabInternal: {fileID: 100100000}
  serializedVersion: 5
  m_Component:
  - component: {fileID: 4453732518581414}
  m_Layer: 20
  m_Name: L Hand
  m_TagString: Untagged
  m_Icon: {fileID: 0}
  m_NavMeshLayer: 0
  m_StaticEditorFlags: 0
  m_IsActive: 1
--- !u!1 &1016784889833824
GameObject:
  m_ObjectHideFlags: 1
  m_PrefabParentObject: {fileID: 0}
  m_PrefabInternal: {fileID: 100100000}
  serializedVersion: 5
  m_Component:
  - component: {fileID: 4338145247630816}
  - component: {fileID: 135235899956777048}
  - component: {fileID: 114461724492595160}
  m_Layer: 2
  m_Name: Attack Trigger Claw L
  m_TagString: Untagged
  m_Icon: {fileID: 0}
  m_NavMeshLayer: 0
  m_StaticEditorFlags: 0
  m_IsActive: 1
--- !u!1 &1018511015545592
GameObject:
  m_ObjectHideFlags: 1
  m_PrefabParentObject: {fileID: 0}
  m_PrefabInternal: {fileID: 100100000}
  serializedVersion: 5
  m_Component:
  - component: {fileID: 4357898814022514}
  m_Layer: 20
  m_Name: Tail2
  m_TagString: Untagged
  m_Icon: {fileID: 0}
  m_NavMeshLayer: 0
  m_StaticEditorFlags: 0
  m_IsActive: 1
--- !u!1 &1075101229389696
GameObject:
  m_ObjectHideFlags: 1
  m_PrefabParentObject: {fileID: 0}
  m_PrefabInternal: {fileID: 100100000}
  serializedVersion: 5
  m_Component:
  - component: {fileID: 4439098816022718}
  m_Layer: 20
  m_Name: R Forearm
  m_TagString: Untagged
  m_Icon: {fileID: 0}
  m_NavMeshLayer: 0
  m_StaticEditorFlags: 0
  m_IsActive: 1
--- !u!1 &1127109887134750
GameObject:
  m_ObjectHideFlags: 1
  m_PrefabParentObject: {fileID: 0}
  m_PrefabInternal: {fileID: 100100000}
  serializedVersion: 5
  m_Component:
  - component: {fileID: 4096550219353928}
  m_Layer: 20
  m_Name: L UpperArm
  m_TagString: Untagged
  m_Icon: {fileID: 0}
  m_NavMeshLayer: 0
  m_StaticEditorFlags: 0
  m_IsActive: 1
--- !u!1 &1133097865969376
GameObject:
  m_ObjectHideFlags: 0
  m_PrefabParentObject: {fileID: 0}
  m_PrefabInternal: {fileID: 100100000}
  serializedVersion: 5
  m_Component:
  - component: {fileID: 4097681879945146}
  m_Layer: 2
  m_Name: Mount Triggers
  m_TagString: Untagged
  m_Icon: {fileID: 0}
  m_NavMeshLayer: 0
  m_StaticEditorFlags: 0
  m_IsActive: 1
--- !u!1 &1136886957723886
GameObject:
  m_ObjectHideFlags: 0
  m_PrefabParentObject: {fileID: 0}
  m_PrefabInternal: {fileID: 100100000}
  serializedVersion: 5
  m_Component:
  - component: {fileID: 4908783738534208}
  m_Layer: 20
  m_Name: CG
  m_TagString: Untagged
  m_Icon: {fileID: 0}
  m_NavMeshLayer: 0
  m_StaticEditorFlags: 0
  m_IsActive: 1
--- !u!1 &1163210678638156
GameObject:
  m_ObjectHideFlags: 1
  m_PrefabParentObject: {fileID: 0}
  m_PrefabInternal: {fileID: 100100000}
  serializedVersion: 5
  m_Component:
  - component: {fileID: 4637919756039528}
  m_Layer: 20
  m_Name: L Clavicle
  m_TagString: Untagged
  m_Icon: {fileID: 0}
  m_NavMeshLayer: 0
  m_StaticEditorFlags: 0
  m_IsActive: 1
--- !u!1 &1208515688114092
GameObject:
  m_ObjectHideFlags: 1
  m_PrefabParentObject: {fileID: 0}
  m_PrefabInternal: {fileID: 100100000}
  serializedVersion: 5
  m_Component:
  - component: {fileID: 4642305810168648}
  - component: {fileID: 135166431549995360}
  - component: {fileID: 114793318067116916}
  m_Layer: 2
  m_Name: Attack Trigger Claw R
  m_TagString: Untagged
  m_Icon: {fileID: 0}
  m_NavMeshLayer: 0
  m_StaticEditorFlags: 0
  m_IsActive: 1
--- !u!1 &1255310425783906
GameObject:
  m_ObjectHideFlags: 1
  m_PrefabParentObject: {fileID: 0}
  m_PrefabInternal: {fileID: 100100000}
  serializedVersion: 5
  m_Component:
  - component: {fileID: 4332210173003910}
  - component: {fileID: 114342266005567542}
  m_Layer: 20
  m_Name: Left Knee IK
  m_TagString: Untagged
  m_Icon: {fileID: 0}
  m_NavMeshLayer: 0
  m_StaticEditorFlags: 0
  m_IsActive: 1
--- !u!1 &1284640612144174
GameObject:
  m_ObjectHideFlags: 1
  m_PrefabParentObject: {fileID: 0}
  m_PrefabInternal: {fileID: 100100000}
  serializedVersion: 5
  m_Component:
  - component: {fileID: 4819124502784108}
  - component: {fileID: 65287308662967076}
  - component: {fileID: 114741998597958070}
  - component: {fileID: 114659066514121110}
  m_Layer: 2
  m_Name: Front Left
  m_TagString: Untagged
  m_Icon: {fileID: -2663371497217273435, guid: 0000000000000000d000000000000000, type: 0}
  m_NavMeshLayer: 0
  m_StaticEditorFlags: 0
  m_IsActive: 1
--- !u!1 &1336707915158056
GameObject:
  m_ObjectHideFlags: 1
  m_PrefabParentObject: {fileID: 0}
  m_PrefabInternal: {fileID: 100100000}
  serializedVersion: 5
  m_Component:
  - component: {fileID: 4657276258337412}
  - component: {fileID: 135441183445871740}
  - component: {fileID: 114203703365601416}
  - component: {fileID: 114767427892328400}
  m_Layer: 1
  m_Name: Track RFoot
  m_TagString: Untagged
  m_Icon: {fileID: 0}
  m_NavMeshLayer: 0
  m_StaticEditorFlags: 0
  m_IsActive: 1
--- !u!1 &1358532421998134
GameObject:
  m_ObjectHideFlags: 1
  m_PrefabParentObject: {fileID: 0}
  m_PrefabInternal: {fileID: 100100000}
  serializedVersion: 5
  m_Component:
  - component: {fileID: 4235645847619068}
  m_Layer: 20
  m_Name: Eye L
  m_TagString: Untagged
  m_Icon: {fileID: 0}
  m_NavMeshLayer: 0
  m_StaticEditorFlags: 0
  m_IsActive: 1
--- !u!1 &1378841166797390
GameObject:
  m_ObjectHideFlags: 0
  m_PrefabParentObject: {fileID: 0}
  m_PrefabInternal: {fileID: 100100000}
  serializedVersion: 5
  m_Component:
  - component: {fileID: 4495337703139286}
  - component: {fileID: 114685468030135016}
  m_Layer: 20
  m_Name: PivotChest
  m_TagString: Untagged
  m_Icon: {fileID: 0}
  m_NavMeshLayer: 0
  m_StaticEditorFlags: 0
  m_IsActive: 1
--- !u!1 &1418271340802732
GameObject:
  m_ObjectHideFlags: 1
  m_PrefabParentObject: {fileID: 0}
  m_PrefabInternal: {fileID: 100100000}
  serializedVersion: 5
  m_Component:
  - component: {fileID: 4950437310611510}
  m_Layer: 20
  m_Name: Tail3
  m_TagString: Untagged
  m_Icon: {fileID: 0}
  m_NavMeshLayer: 0
  m_StaticEditorFlags: 0
  m_IsActive: 1
--- !u!1 &1435007834035546
GameObject:
  m_ObjectHideFlags: 0
  m_PrefabParentObject: {fileID: 0}
  m_PrefabInternal: {fileID: 100100000}
  serializedVersion: 5
  m_Component:
  - component: {fileID: 4609037403335852}
  - component: {fileID: 114596720523677958}
  m_Layer: 20
  m_Name: PivotWater
  m_TagString: Untagged
  m_Icon: {fileID: 0}
  m_NavMeshLayer: 0
  m_StaticEditorFlags: 0
  m_IsActive: 1
--- !u!1 &1444444058292276
GameObject:
  m_ObjectHideFlags: 1
  m_PrefabParentObject: {fileID: 0}
  m_PrefabInternal: {fileID: 100100000}
  serializedVersion: 5
  m_Component:
  - component: {fileID: 4469240364147640}
  m_Layer: 20
  m_Name: R Hand
  m_TagString: Untagged
  m_Icon: {fileID: 0}
  m_NavMeshLayer: 0
  m_StaticEditorFlags: 0
  m_IsActive: 1
--- !u!1 &1446671391949626
GameObject:
  m_ObjectHideFlags: 1
  m_PrefabParentObject: {fileID: 0}
  m_PrefabInternal: {fileID: 100100000}
  serializedVersion: 5
  m_Component:
  - component: {fileID: 4084095411187066}
  - component: {fileID: 135176346790234584}
  - component: {fileID: 114228205947479274}
  - component: {fileID: 114782967343310804}
  m_Layer: 1
  m_Name: Track LFoot
  m_TagString: Untagged
  m_Icon: {fileID: 0}
  m_NavMeshLayer: 0
  m_StaticEditorFlags: 0
  m_IsActive: 1
--- !u!1 &1450967332893060
GameObject:
  m_ObjectHideFlags: 1
  m_PrefabParentObject: {fileID: 0}
  m_PrefabInternal: {fileID: 100100000}
  serializedVersion: 5
  m_Component:
  - component: {fileID: 4418555650469402}
  m_Layer: 20
  m_Name: L Forearm
  m_TagString: Untagged
  m_Icon: {fileID: 0}
  m_NavMeshLayer: 0
  m_StaticEditorFlags: 0
  m_IsActive: 1
--- !u!1 &1453620546467122
GameObject:
  m_ObjectHideFlags: 1
  m_PrefabParentObject: {fileID: 0}
  m_PrefabInternal: {fileID: 100100000}
  serializedVersion: 5
  m_Component:
  - component: {fileID: 4076424527577206}
  m_Layer: 20
  m_Name: Eye R
  m_TagString: Untagged
  m_Icon: {fileID: 0}
  m_NavMeshLayer: 0
  m_StaticEditorFlags: 0
  m_IsActive: 1
--- !u!1 &1455257527382840
GameObject:
  m_ObjectHideFlags: 1
  m_PrefabParentObject: {fileID: 0}
  m_PrefabInternal: {fileID: 100100000}
  serializedVersion: 5
  m_Component:
  - component: {fileID: 4597450965314634}
  - component: {fileID: 136612569115372216}
  m_Layer: 20
  m_Name: Spine2
  m_TagString: Untagged
  m_Icon: {fileID: 0}
  m_NavMeshLayer: 0
  m_StaticEditorFlags: 0
  m_IsActive: 1
--- !u!1 &1471395567715746
GameObject:
  m_ObjectHideFlags: 1
  m_PrefabParentObject: {fileID: 0}
  m_PrefabInternal: {fileID: 100100000}
  serializedVersion: 5
  m_Component:
  - component: {fileID: 4467713358899996}
  m_Layer: 20
  m_Name: Mount Points
  m_TagString: Untagged
  m_Icon: {fileID: 0}
  m_NavMeshLayer: 0
  m_StaticEditorFlags: 0
  m_IsActive: 1
--- !u!1 &1547400172290238
GameObject:
  m_ObjectHideFlags: 1
  m_PrefabParentObject: {fileID: 0}
  m_PrefabInternal: {fileID: 100100000}
  serializedVersion: 5
  m_Component:
  - component: {fileID: 4716650871558282}
  - component: {fileID: 136361195918277566}
  m_Layer: 20
  m_Name: Spine1
  m_TagString: Untagged
  m_Icon: {fileID: 0}
  m_NavMeshLayer: 0
  m_StaticEditorFlags: 0
  m_IsActive: 1
--- !u!1 &1559526083067988
GameObject:
  m_ObjectHideFlags: 1
  m_PrefabParentObject: {fileID: 0}
  m_PrefabInternal: {fileID: 100100000}
  serializedVersion: 5
  m_Component:
  - component: {fileID: 4029465374091362}
  - component: {fileID: 65166556118180738}
  - component: {fileID: 114663249027736588}
  - component: {fileID: 114204941052228974}
  m_Layer: 2
  m_Name: Back
  m_TagString: Untagged
  m_Icon: {fileID: -2663371497217273435, guid: 0000000000000000d000000000000000, type: 0}
  m_NavMeshLayer: 0
  m_StaticEditorFlags: 0
  m_IsActive: 1
--- !u!1 &1562502622008544
GameObject:
  m_ObjectHideFlags: 1
  m_PrefabParentObject: {fileID: 0}
  m_PrefabInternal: {fileID: 100100000}
  serializedVersion: 5
  m_Component:
  - component: {fileID: 4645083095060830}
  m_Layer: 20
  m_Name: Ear L
  m_TagString: Untagged
  m_Icon: {fileID: 0}
  m_NavMeshLayer: 0
  m_StaticEditorFlags: 0
  m_IsActive: 1
--- !u!1 &1568099766031744
GameObject:
  m_ObjectHideFlags: 1
  m_PrefabParentObject: {fileID: 0}
  m_PrefabInternal: {fileID: 100100000}
  serializedVersion: 5
  m_Component:
  - component: {fileID: 4695528639730796}
  - component: {fileID: 114690479511691662}
  m_Layer: 20
  m_Name: MountPoint
  m_TagString: Untagged
  m_Icon: {fileID: 0}
  m_NavMeshLayer: 0
  m_StaticEditorFlags: 0
  m_IsActive: 1
--- !u!1 &1571761256768822
GameObject:
  m_ObjectHideFlags: 1
  m_PrefabParentObject: {fileID: 0}
  m_PrefabInternal: {fileID: 100100000}
  serializedVersion: 5
  m_Component:
  - component: {fileID: 4544760848990336}
  m_Layer: 20
  m_Name: R UpperArm
  m_TagString: Untagged
  m_Icon: {fileID: 0}
  m_NavMeshLayer: 0
  m_StaticEditorFlags: 0
  m_IsActive: 1
--- !u!1 &1572652158800366
GameObject:
  m_ObjectHideFlags: 1
  m_PrefabParentObject: {fileID: 0}
  m_PrefabInternal: {fileID: 100100000}
  serializedVersion: 5
  m_Component:
  - component: {fileID: 4499520353423102}
  m_Layer: 20
  m_Name: R Clavicle
  m_TagString: Untagged
  m_Icon: {fileID: 0}
  m_NavMeshLayer: 0
  m_StaticEditorFlags: 0
  m_IsActive: 1
--- !u!1 &1597693598348836
GameObject:
  m_ObjectHideFlags: 1
  m_PrefabParentObject: {fileID: 0}
  m_PrefabInternal: {fileID: 100100000}
  serializedVersion: 5
  m_Component:
  - component: {fileID: 4475978209211622}
  m_Layer: 20
  m_Name: L Thigh
  m_TagString: Untagged
  m_Icon: {fileID: 0}
  m_NavMeshLayer: 0
  m_StaticEditorFlags: 0
  m_IsActive: 1
--- !u!1 &1598645120055048
GameObject:
  m_ObjectHideFlags: 1
  m_PrefabParentObject: {fileID: 0}
  m_PrefabInternal: {fileID: 100100000}
  serializedVersion: 5
  m_Component:
  - component: {fileID: 4654009057014868}
  m_Layer: 20
  m_Name: Jaw
  m_TagString: Untagged
  m_Icon: {fileID: 0}
  m_NavMeshLayer: 0
  m_StaticEditorFlags: 0
  m_IsActive: 1
--- !u!1 &1610619135178866
GameObject:
  m_ObjectHideFlags: 1
  m_PrefabParentObject: {fileID: 0}
  m_PrefabInternal: {fileID: 100100000}
  serializedVersion: 5
  m_Component:
  - component: {fileID: 4819724125674478}
  - component: {fileID: 65095886567590992}
  - component: {fileID: 114623890790486662}
  - component: {fileID: 114800347435200106}
  m_Layer: 2
  m_Name: Left
  m_TagString: Untagged
  m_Icon: {fileID: -2663371497217273435, guid: 0000000000000000d000000000000000, type: 0}
  m_NavMeshLayer: 0
  m_StaticEditorFlags: 0
  m_IsActive: 1
--- !u!1 &1626451102476876
GameObject:
  m_ObjectHideFlags: 1
  m_PrefabParentObject: {fileID: 0}
  m_PrefabInternal: {fileID: 100100000}
  serializedVersion: 5
  m_Component:
  - component: {fileID: 4803644382289790}
  - component: {fileID: 65275925994800432}
  - component: {fileID: 114406664609713250}
  - component: {fileID: 114498811795184812}
  m_Layer: 2
  m_Name: Front Right
  m_TagString: Untagged
  m_Icon: {fileID: -2663371497217273435, guid: 0000000000000000d000000000000000, type: 0}
  m_NavMeshLayer: 0
  m_StaticEditorFlags: 0
  m_IsActive: 1
--- !u!1 &1651148705704892
GameObject:
  m_ObjectHideFlags: 1
  m_PrefabParentObject: {fileID: 0}
  m_PrefabInternal: {fileID: 100100000}
  serializedVersion: 5
  m_Component:
  - component: {fileID: 4728160825654702}
  - component: {fileID: 65461307787642670}
  - component: {fileID: 114217524257944940}
  - component: {fileID: 114310940667795518}
  m_Layer: 2
  m_Name: Right
  m_TagString: Untagged
  m_Icon: {fileID: -2663371497217273435, guid: 0000000000000000d000000000000000, type: 0}
  m_NavMeshLayer: 0
  m_StaticEditorFlags: 0
  m_IsActive: 1
--- !u!1 &1660156187969492
GameObject:
  m_ObjectHideFlags: 1
  m_PrefabParentObject: {fileID: 0}
  m_PrefabInternal: {fileID: 100100000}
  serializedVersion: 5
  m_Component:
  - component: {fileID: 4724470601949084}
  m_Layer: 20
  m_Name: R Calf
  m_TagString: Untagged
  m_Icon: {fileID: 0}
  m_NavMeshLayer: 0
  m_StaticEditorFlags: 0
  m_IsActive: 1
--- !u!1 &1682537296167278
GameObject:
  m_ObjectHideFlags: 1
  m_PrefabParentObject: {fileID: 0}
  m_PrefabInternal: {fileID: 100100000}
  serializedVersion: 5
  m_Component:
  - component: {fileID: 4888812471965560}
  - component: {fileID: 135950523843492564}
  - component: {fileID: 114204327937701932}
  m_Layer: 2
  m_Name: AttackTrigger Bite
  m_TagString: Untagged
  m_Icon: {fileID: 0}
  m_NavMeshLayer: 0
  m_StaticEditorFlags: 0
  m_IsActive: 1
--- !u!1 &1682650727148300
GameObject:
  m_ObjectHideFlags: 1
  m_PrefabParentObject: {fileID: 0}
  m_PrefabInternal: {fileID: 100100000}
  serializedVersion: 5
  m_Component:
  - component: {fileID: 4817135177832962}
  m_Layer: 20
  m_Name: Ear R
  m_TagString: Untagged
  m_Icon: {fileID: 0}
  m_NavMeshLayer: 0
  m_StaticEditorFlags: 0
  m_IsActive: 1
--- !u!1 &1686187106179594
GameObject:
  m_ObjectHideFlags: 1
  m_PrefabParentObject: {fileID: 0}
  m_PrefabInternal: {fileID: 100100000}
  serializedVersion: 5
  m_Component:
  - component: {fileID: 4761001334021180}
  m_Layer: 20
  m_Name: Tail1
  m_TagString: Untagged
  m_Icon: {fileID: 0}
  m_NavMeshLayer: 0
  m_StaticEditorFlags: 0
  m_IsActive: 1
--- !u!1 &1704052851290984
GameObject:
  m_ObjectHideFlags: 1
  m_PrefabParentObject: {fileID: 0}
  m_PrefabInternal: {fileID: 100100000}
  serializedVersion: 5
  m_Component:
  - component: {fileID: 4910495177470966}
  m_Layer: 20
  m_Name: R HorseLink
  m_TagString: Untagged
  m_Icon: {fileID: 0}
  m_NavMeshLayer: 0
  m_StaticEditorFlags: 0
  m_IsActive: 1
--- !u!1 &1705329543942058
GameObject:
  m_ObjectHideFlags: 1
  m_PrefabParentObject: {fileID: 0}
  m_PrefabInternal: {fileID: 100100000}
  serializedVersion: 5
  m_Component:
  - component: {fileID: 4647539365064268}
  - component: {fileID: 135848769760448030}
  - component: {fileID: 114612111930271886}
  - component: {fileID: 114137019220615322}
  m_Layer: 1
  m_Name: Track RHand
  m_TagString: Untagged
  m_Icon: {fileID: 0}
  m_NavMeshLayer: 0
  m_StaticEditorFlags: 0
  m_IsActive: 1
--- !u!1 &1714871819602010
GameObject:
  m_ObjectHideFlags: 1
  m_PrefabParentObject: {fileID: 0}
  m_PrefabInternal: {fileID: 100100000}
  serializedVersion: 5
  m_Component:
  - component: {fileID: 4779292891142774}
  - component: {fileID: 136024322692634506}
  m_Layer: 20
  m_Name: Spine
  m_TagString: Untagged
  m_Icon: {fileID: 0}
  m_NavMeshLayer: 0
  m_StaticEditorFlags: 0
  m_IsActive: 1
--- !u!1 &1738598732772854
GameObject:
  m_ObjectHideFlags: 0
  m_PrefabParentObject: {fileID: 0}
  m_PrefabInternal: {fileID: 100100000}
  serializedVersion: 5
  m_Component:
  - component: {fileID: 4499512293750150}
  - component: {fileID: 114264287876756420}
  m_Layer: 20
  m_Name: PivotHip
  m_TagString: Untagged
  m_Icon: {fileID: 0}
  m_NavMeshLayer: 0
  m_StaticEditorFlags: 0
  m_IsActive: 1
--- !u!1 &1741247787580160
GameObject:
  m_ObjectHideFlags: 1
  m_PrefabParentObject: {fileID: 0}
  m_PrefabInternal: {fileID: 100100000}
  serializedVersion: 5
  m_Component:
  - component: {fileID: 4195395261482122}
  m_Layer: 20
  m_Name: L Calf
  m_TagString: Untagged
  m_Icon: {fileID: 0}
  m_NavMeshLayer: 0
  m_StaticEditorFlags: 0
  m_IsActive: 1
--- !u!1 &1742783880512552
GameObject:
  m_ObjectHideFlags: 1
  m_PrefabParentObject: {fileID: 0}
  m_PrefabInternal: {fileID: 100100000}
  serializedVersion: 5
  m_Component:
  - component: {fileID: 4628136053123222}
  m_Layer: 20
  m_Name: L Foot
  m_TagString: Untagged
  m_Icon: {fileID: 0}
  m_NavMeshLayer: 0
  m_StaticEditorFlags: 0
  m_IsActive: 1
--- !u!1 &1752348959378770
GameObject:
  m_ObjectHideFlags: 1
  m_PrefabParentObject: {fileID: 0}
  m_PrefabInternal: {fileID: 100100000}
  serializedVersion: 5
  m_Component:
  - component: {fileID: 4571771379889250}
  - component: {fileID: 136971877021873730}
  m_Layer: 20
  m_Name: Head
  m_TagString: Untagged
  m_Icon: {fileID: 0}
  m_NavMeshLayer: 0
  m_StaticEditorFlags: 0
  m_IsActive: 1
--- !u!1 &1756237257183166
GameObject:
  m_ObjectHideFlags: 1
  m_PrefabParentObject: {fileID: 0}
  m_PrefabInternal: {fileID: 100100000}
  serializedVersion: 5
  m_Component:
  - component: {fileID: 4199174332951244}
  m_Layer: 20
  m_Name: Tail5
  m_TagString: Untagged
  m_Icon: {fileID: 0}
  m_NavMeshLayer: 0
  m_StaticEditorFlags: 0
  m_IsActive: 1
--- !u!1 &1793948045863940
GameObject:
  m_ObjectHideFlags: 1
  m_PrefabParentObject: {fileID: 0}
  m_PrefabInternal: {fileID: 100100000}
  serializedVersion: 5
  m_Component:
  - component: {fileID: 4762539162233102}
  m_Layer: 20
  m_Name: Tail4
  m_TagString: Untagged
  m_Icon: {fileID: 0}
  m_NavMeshLayer: 0
  m_StaticEditorFlags: 0
  m_IsActive: 1
--- !u!1 &1794504147221972
GameObject:
  m_ObjectHideFlags: 1
  m_PrefabParentObject: {fileID: 0}
  m_PrefabInternal: {fileID: 100100000}
  serializedVersion: 5
  m_Component:
  - component: {fileID: 4932742429978926}
  - component: {fileID: 114776493249221214}
  m_Layer: 20
  m_Name: Right Knee IK
  m_TagString: Untagged
  m_Icon: {fileID: 0}
  m_NavMeshLayer: 0
  m_StaticEditorFlags: 0
  m_IsActive: 1
--- !u!1 &1809992863855288
GameObject:
  m_ObjectHideFlags: 1
  m_PrefabParentObject: {fileID: 0}
  m_PrefabInternal: {fileID: 100100000}
  serializedVersion: 5
  m_Component:
  - component: {fileID: 4901416624727826}
  m_Layer: 20
  m_Name: R Foot
  m_TagString: Untagged
  m_Icon: {fileID: 0}
  m_NavMeshLayer: 0
  m_StaticEditorFlags: 0
  m_IsActive: 1
--- !u!1 &1839900965448946
GameObject:
  m_ObjectHideFlags: 0
  m_PrefabParentObject: {fileID: 0}
  m_PrefabInternal: {fileID: 100100000}
  serializedVersion: 5
  m_Component:
  - component: {fileID: 4749273206168186}
  - component: {fileID: 95845894418465794}
  - component: {fileID: 54059774345684524}
  - component: {fileID: 114172277654461726}
  - component: {fileID: 114975185533128982}
  - component: {fileID: 114492315611303512}
  - component: {fileID: 114426622020782446}
  - component: {fileID: 114952531396247802}
  - component: {fileID: 114936990910828090}
  m_Layer: 20
  m_Name: Tiger White Rideable
  m_TagString: Player
  m_Icon: {fileID: 0}
  m_NavMeshLayer: 0
  m_StaticEditorFlags: 0
  m_IsActive: 1
--- !u!1 &1862797810246444
GameObject:
  m_ObjectHideFlags: 1
  m_PrefabParentObject: {fileID: 0}
  m_PrefabInternal: {fileID: 100100000}
  serializedVersion: 5
  m_Component:
  - component: {fileID: 4541883928345448}
  m_Layer: 20
  m_Name: Pelvis
  m_TagString: Untagged
  m_Icon: {fileID: 0}
  m_NavMeshLayer: 0
  m_StaticEditorFlags: 0
  m_IsActive: 1
--- !u!1 &1878923694199124
GameObject:
  m_ObjectHideFlags: 1
  m_PrefabParentObject: {fileID: 0}
  m_PrefabInternal: {fileID: 100100000}
  serializedVersion: 5
  m_Component:
  - component: {fileID: 4180222680698312}
  m_Layer: 20
  m_Name: R Thigh
  m_TagString: Untagged
  m_Icon: {fileID: 0}
  m_NavMeshLayer: 0
  m_StaticEditorFlags: 0
  m_IsActive: 1
--- !u!1 &1933665386758616
GameObject:
  m_ObjectHideFlags: 1
  m_PrefabParentObject: {fileID: 0}
  m_PrefabInternal: {fileID: 100100000}
  serializedVersion: 5
  m_Component:
  - component: {fileID: 4667990771809374}
  m_Layer: 20
  m_Name: Tail
  m_TagString: Untagged
  m_Icon: {fileID: 0}
  m_NavMeshLayer: 0
  m_StaticEditorFlags: 0
  m_IsActive: 1
--- !u!1 &1940013803727376
GameObject:
  m_ObjectHideFlags: 1
  m_PrefabParentObject: {fileID: 0}
  m_PrefabInternal: {fileID: 100100000}
  serializedVersion: 5
  m_Component:
  - component: {fileID: 4029530787443098}
  m_Layer: 20
  m_Name: Neck
  m_TagString: Untagged
  m_Icon: {fileID: 0}
  m_NavMeshLayer: 0
  m_StaticEditorFlags: 0
  m_IsActive: 1
--- !u!1 &1946058976313336
GameObject:
  m_ObjectHideFlags: 0
  m_PrefabParentObject: {fileID: 0}
  m_PrefabInternal: {fileID: 100100000}
  serializedVersion: 5
  m_Component:
  - component: {fileID: 4633539239634088}
  - component: {fileID: 137290174679187006}
  m_Layer: 0
  m_Name: Tiger
  m_TagString: Untagged
  m_Icon: {fileID: 0}
  m_NavMeshLayer: 0
  m_StaticEditorFlags: 0
  m_IsActive: 1
--- !u!1 &1973843764753022
GameObject:
  m_ObjectHideFlags: 1
  m_PrefabParentObject: {fileID: 0}
  m_PrefabInternal: {fileID: 100100000}
  serializedVersion: 5
  m_Component:
  - component: {fileID: 4979731075978650}
  - component: {fileID: 135870804053844398}
  - component: {fileID: 114024169819463216}
  - component: {fileID: 114430947415406574}
  m_Layer: 1
  m_Name: Track LHand
  m_TagString: Untagged
  m_Icon: {fileID: 0}
  m_NavMeshLayer: 0
  m_StaticEditorFlags: 0
  m_IsActive: 1
--- !u!1 &1991569431599192
GameObject:
  m_ObjectHideFlags: 1
  m_PrefabParentObject: {fileID: 0}
  m_PrefabInternal: {fileID: 100100000}
  serializedVersion: 5
  m_Component:
  - component: {fileID: 4817403115587528}
  - component: {fileID: 114263580765919196}
  - component: {fileID: 65399186671246900}
  m_Layer: 20
  m_Name: Left Foot IK
  m_TagString: Untagged
  m_Icon: {fileID: 0}
  m_NavMeshLayer: 0
  m_StaticEditorFlags: 0
  m_IsActive: 1
--- !u!1 &1997523755086844
GameObject:
  m_ObjectHideFlags: 1
  m_PrefabParentObject: {fileID: 0}
  m_PrefabInternal: {fileID: 100100000}
  serializedVersion: 5
  m_Component:
  - component: {fileID: 4067455285253360}
  - component: {fileID: 114772112281864684}
  - component: {fileID: 65366189563445086}
  m_Layer: 20
  m_Name: Right Foot IK
  m_TagString: Untagged
  m_Icon: {fileID: 0}
  m_NavMeshLayer: 0
  m_StaticEditorFlags: 0
  m_IsActive: 1
--- !u!4 &4029465374091362
Transform:
  m_ObjectHideFlags: 1
  m_PrefabParentObject: {fileID: 0}
  m_PrefabInternal: {fileID: 100100000}
  m_GameObject: {fileID: 1559526083067988}
  m_LocalRotation: {x: 0, y: 0, z: 0, w: 1}
  m_LocalPosition: {x: 0, y: 0, z: -0.84}
  m_LocalScale: {x: 1, y: 1, z: 1}
  m_Children: []
  m_Father: {fileID: 4097681879945146}
  m_RootOrder: 2
  m_LocalEulerAnglesHint: {x: 0, y: 0, z: 0}
--- !u!4 &4029530787443098
Transform:
  m_ObjectHideFlags: 1
  m_PrefabParentObject: {fileID: 0}
  m_PrefabInternal: {fileID: 100100000}
  m_GameObject: {fileID: 1940013803727376}
  m_LocalRotation: {x: -0.00000021736874, y: -0.000000031604483, z: -0.10641927, w: 0.99432135}
  m_LocalPosition: {x: -0.3121799, y: 0.027302245, z: 0}
  m_LocalScale: {x: 1, y: 1, z: 1}
  m_Children:
  - {fileID: 4571771379889250}
  - {fileID: 4637919756039528}
  - {fileID: 4499520353423102}
  m_Father: {fileID: 4597450965314634}
  m_RootOrder: 0
  m_LocalEulerAnglesHint: {x: 0, y: 0, z: 0}
--- !u!4 &4067455285253360
Transform:
  m_ObjectHideFlags: 1
  m_PrefabParentObject: {fileID: 0}
  m_PrefabInternal: {fileID: 100100000}
  m_GameObject: {fileID: 1997523755086844}
  m_LocalRotation: {x: 0.2919414, y: -0.19875932, z: -0.06097517, w: 0.93356687}
  m_LocalPosition: {x: 0.418, y: -0.183, z: -0.006}
  m_LocalScale: {x: 1, y: 1, z: 1}
  m_Children: []
  m_Father: {fileID: 4467713358899996}
  m_RootOrder: 1
  m_LocalEulerAnglesHint: {x: 31.390001, y: -28.453001, z: -15.624001}
--- !u!4 &4076424527577206
Transform:
  m_ObjectHideFlags: 1
  m_PrefabParentObject: {fileID: 0}
  m_PrefabInternal: {fileID: 100100000}
  m_GameObject: {fileID: 1453620546467122}
  m_LocalRotation: {x: -0.31083092, y: -0.24875247, z: -0.5497565, w: 0.7343528}
  m_LocalPosition: {x: -0.033515472, y: 0.25521925, z: -0.06439119}
  m_LocalScale: {x: 1.0000004, y: 1.0000002, z: 0.99999976}
  m_Children: []
  m_Father: {fileID: 4571771379889250}
  m_RootOrder: 3
  m_LocalEulerAnglesHint: {x: 0, y: 0, z: 0}
--- !u!4 &4084095411187066
Transform:
  m_ObjectHideFlags: 1
  m_PrefabParentObject: {fileID: 0}
  m_PrefabInternal: {fileID: 100100000}
  m_GameObject: {fileID: 1446671391949626}
  m_LocalRotation: {x: 0.49697256, y: 0.49697202, z: 0.5030101, w: -0.5030089}
  m_LocalPosition: {x: -0.072, y: 0.105, z: 0.002}
  m_LocalScale: {x: 1, y: 1, z: 1}
  m_Children: []
  m_Father: {fileID: 4628136053123222}
  m_RootOrder: 0
  m_LocalEulerAnglesHint: {x: 0, y: 0, z: 0}
--- !u!4 &4096550219353928
Transform:
  m_ObjectHideFlags: 1
  m_PrefabParentObject: {fileID: 0}
  m_PrefabInternal: {fileID: 100100000}
  m_GameObject: {fileID: 1127109887134750}
  m_LocalRotation: {x: -0.43264225, y: -0.5420945, z: 0.4830533, w: 0.5344284}
  m_LocalPosition: {x: -0.17774841, y: 0, z: 0}
  m_LocalScale: {x: 1.0000004, y: 1.0000001, z: 1}
  m_Children:
  - {fileID: 4418555650469402}
  m_Father: {fileID: 4637919756039528}
  m_RootOrder: 0
  m_LocalEulerAnglesHint: {x: 0, y: 0, z: 0}
--- !u!4 &4097681879945146
Transform:
  m_ObjectHideFlags: 1
  m_PrefabParentObject: {fileID: 0}
  m_PrefabInternal: {fileID: 100100000}
  m_GameObject: {fileID: 1133097865969376}
  m_LocalRotation: {x: -0, y: -0, z: -0, w: 1}
  m_LocalPosition: {x: 0, y: 0, z: 0.030954363}
  m_LocalScale: {x: 0.8175736, y: 0.8175736, z: 0.8175736}
  m_Children:
  - {fileID: 4728160825654702}
  - {fileID: 4819724125674478}
  - {fileID: 4029465374091362}
  - {fileID: 4819124502784108}
  - {fileID: 4803644382289790}
  m_Father: {fileID: 4749273206168186}
  m_RootOrder: 5
  m_LocalEulerAnglesHint: {x: 0, y: 0, z: 0}
--- !u!4 &4148335909381532
Transform:
  m_ObjectHideFlags: 1
  m_PrefabParentObject: {fileID: 0}
  m_PrefabInternal: {fileID: 100100000}
  m_GameObject: {fileID: 1005589618196724}
  m_LocalRotation: {x: -0.000000010720828, y: 0.0000000046542086, z: -0.41641542,
    w: 0.90917444}
  m_LocalPosition: {x: -0.25661623, y: -0.00000015258789, z: 0.000000019073486}
  m_LocalScale: {x: 1.0000001, y: 0.99999994, z: 1}
  m_Children:
  - {fileID: 4628136053123222}
  m_Father: {fileID: 4195395261482122}
  m_RootOrder: 0
  m_LocalEulerAnglesHint: {x: 0, y: 0, z: 0}
--- !u!4 &4180222680698312
Transform:
  m_ObjectHideFlags: 1
  m_PrefabParentObject: {fileID: 0}
  m_PrefabInternal: {fileID: 100100000}
  m_GameObject: {fileID: 1878923694199124}
  m_LocalRotation: {x: -0.5911121, y: 0.80175614, z: 0.054179378, w: -0.06955761}
  m_LocalPosition: {x: 0.12813354, y: 0.03249481, z: -0.14481677}
  m_LocalScale: {x: 1.0000004, y: 1.0000005, z: 1}
  m_Children:
  - {fileID: 4724470601949084}
  m_Father: {fileID: 4779292891142774}
  m_RootOrder: 1
  m_LocalEulerAnglesHint: {x: 0, y: 0, z: 0}
--- !u!4 &4195395261482122
Transform:
  m_ObjectHideFlags: 1
  m_PrefabParentObject: {fileID: 0}
  m_PrefabInternal: {fileID: 100100000}
  m_GameObject: {fileID: 1741247787580160}
  m_LocalRotation: {x: -0.0000000017759109, y: -1.3202435e-10, z: 0.26827395, w: 0.96334267}
  m_LocalPosition: {x: -0.34426042, y: 0.000000038146972, z: -0.000000038146972}
  m_LocalScale: {x: 1.0000002, y: 1.0000004, z: 1}
  m_Children:
  - {fileID: 4148335909381532}
  m_Father: {fileID: 4475978209211622}
  m_RootOrder: 0
  m_LocalEulerAnglesHint: {x: 0, y: 0, z: 0}
--- !u!4 &4199174332951244
Transform:
  m_ObjectHideFlags: 1
  m_PrefabParentObject: {fileID: 0}
  m_PrefabInternal: {fileID: 100100000}
  m_GameObject: {fileID: 1756237257183166}
  m_LocalRotation: {x: 1.8015483e-14, y: 0.0000002123269, z: -0.076552816, w: 0.99706554}
  m_LocalPosition: {x: -0.1953337, y: -0.00019985199, z: 3.6379787e-14}
  m_LocalScale: {x: 1.0000001, y: 1.0000001, z: 1}
  m_Children: []
  m_Father: {fileID: 4762539162233102}
  m_RootOrder: 0
  m_LocalEulerAnglesHint: {x: 0, y: 0, z: 0}
--- !u!4 &4235645847619068
Transform:
  m_ObjectHideFlags: 1
  m_PrefabParentObject: {fileID: 0}
  m_PrefabInternal: {fileID: 100100000}
  m_GameObject: {fileID: 1358532421998134}
  m_LocalRotation: {x: 0.3108319, y: 0.24875252, z: -0.54975677, w: 0.73435223}
  m_LocalPosition: {x: -0.033515777, y: 0.25521925, z: 0.06438597}
  m_LocalScale: {x: 1.0000012, y: 1.0000001, z: 1.0000005}
  m_Children: []
  m_Father: {fileID: 4571771379889250}
  m_RootOrder: 2
  m_LocalEulerAnglesHint: {x: 0, y: 0, z: 0}
--- !u!4 &4332210173003910
Transform:
  m_ObjectHideFlags: 1
  m_PrefabParentObject: {fileID: 0}
  m_PrefabInternal: {fileID: 100100000}
  m_GameObject: {fileID: 1255310425783906}
  m_LocalRotation: {x: 0, y: 0, z: 0, w: 1}
  m_LocalPosition: {x: -0.544, y: 0.265, z: 0.517}
  m_LocalScale: {x: 1, y: 1, z: 1}
  m_Children: []
  m_Father: {fileID: 4467713358899996}
  m_RootOrder: 3
  m_LocalEulerAnglesHint: {x: 0, y: 0, z: 0}
--- !u!4 &4338145247630816
Transform:
  m_ObjectHideFlags: 1
  m_PrefabParentObject: {fileID: 0}
  m_PrefabInternal: {fileID: 100100000}
  m_GameObject: {fileID: 1016784889833824}
  m_LocalRotation: {x: 0.00000018626444, y: 0.00000010535583, z: -0.0000001315711,
    w: 1}
  m_LocalPosition: {x: -0.20100091, y: -0.19299987, z: -0}
  m_LocalScale: {x: 1, y: 1, z: 1}
  m_Children: []
  m_Father: {fileID: 4453732518581414}
  m_RootOrder: 0
  m_LocalEulerAnglesHint: {x: 0, y: 0, z: 0}
--- !u!4 &4357898814022514
Transform:
  m_ObjectHideFlags: 1
  m_PrefabParentObject: {fileID: 0}
  m_PrefabInternal: {fileID: 100100000}
  m_GameObject: {fileID: 1018511015545592}
  m_LocalRotation: {x: -2.4651605e-14, y: 0.00000026396202, z: -0.09516947, w: 0.9954611}
  m_LocalPosition: {x: -0.2631024, y: -0.00020019531, z: -1.4551915e-13}
  m_LocalScale: {x: 1, y: 1, z: 1}
  m_Children:
  - {fileID: 4950437310611510}
  m_Father: {fileID: 4761001334021180}
  m_RootOrder: 0
  m_LocalEulerAnglesHint: {x: 0, y: 0, z: 0}
--- !u!4 &4418555650469402
Transform:
  m_ObjectHideFlags: 1
  m_PrefabParentObject: {fileID: 0}
  m_PrefabInternal: {fileID: 100100000}
  m_GameObject: {fileID: 1450967332893060}
  m_LocalRotation: {x: 2.864269e-10, y: -8.005158e-11, z: 0.10099851, w: 0.9948866}
  m_LocalPosition: {x: -0.42356873, y: 0.00000015258789, z: -0.000000057220458}
  m_LocalScale: {x: 0.99999976, y: 1, z: 1.0000001}
  m_Children:
  - {fileID: 4453732518581414}
  m_Father: {fileID: 4096550219353928}
  m_RootOrder: 0
  m_LocalEulerAnglesHint: {x: 0, y: 0, z: 0}
--- !u!4 &4439098816022718
Transform:
  m_ObjectHideFlags: 1
  m_PrefabParentObject: {fileID: 0}
  m_PrefabInternal: {fileID: 100100000}
  m_GameObject: {fileID: 1075101229389696}
  m_LocalRotation: {x: 2.5916e-10, y: 3.4365427e-11, z: 0.100998536, w: 0.9948866}
  m_LocalPosition: {x: -0.42356864, y: -0.000000038146972, z: -0.000000057220458}
  m_LocalScale: {x: 1, y: 1, z: 1}
  m_Children:
  - {fileID: 4469240364147640}
  m_Father: {fileID: 4544760848990336}
  m_RootOrder: 0
  m_LocalEulerAnglesHint: {x: 0, y: 0, z: 0}
--- !u!4 &4453732518581414
Transform:
  m_ObjectHideFlags: 1
  m_PrefabParentObject: {fileID: 0}
  m_PrefabInternal: {fileID: 100100000}
  m_GameObject: {fileID: 1012988448520496}
  m_LocalRotation: {x: -0.034762375, y: 0.0016891067, z: -0.048500113, w: 0.9982167}
  m_LocalPosition: {x: -0.31540722, y: 0.000000038146972, z: 0.000000019073486}
  m_LocalScale: {x: 1.0000001, y: 1.0000006, z: 1.0000005}
  m_Children:
  - {fileID: 4338145247630816}
  - {fileID: 4979731075978650}
  m_Father: {fileID: 4418555650469402}
  m_RootOrder: 0
  m_LocalEulerAnglesHint: {x: 0, y: 0, z: 0}
--- !u!4 &4467713358899996
Transform:
  m_ObjectHideFlags: 1
  m_PrefabParentObject: {fileID: 0}
  m_PrefabInternal: {fileID: 100100000}
  m_GameObject: {fileID: 1471395567715746}
  m_LocalRotation: {x: 0.70700073, y: -0.012237391, z: -0.70700115, w: -0.012237438}
  m_LocalPosition: {x: 0.059, y: 0.049, z: 0}
  m_LocalScale: {x: 1.0723157, y: 1.072317, z: 1.072316}
  m_Children:
  - {fileID: 4695528639730796}
  - {fileID: 4067455285253360}
  - {fileID: 4817403115587528}
  - {fileID: 4332210173003910}
  - {fileID: 4932742429978926}
  m_Father: {fileID: 4716650871558282}
  m_RootOrder: 1
  m_LocalEulerAnglesHint: {x: 180, y: 90, z: 0}
--- !u!4 &4469240364147640
Transform:
  m_ObjectHideFlags: 1
  m_PrefabParentObject: {fileID: 0}
  m_PrefabInternal: {fileID: 100100000}
  m_GameObject: {fileID: 1444444058292276}
  m_LocalRotation: {x: 0.034762375, y: -0.0016891069, z: -0.048500117, w: 0.9982167}
  m_LocalPosition: {x: -0.31540725, y: 0.00000030517577, z: 0}
  m_LocalScale: {x: 1, y: 1.0000001, z: 1.0000002}
  m_Children:
  - {fileID: 4642305810168648}
  - {fileID: 4647539365064268}
  m_Father: {fileID: 4439098816022718}
  m_RootOrder: 0
  m_LocalEulerAnglesHint: {x: 0, y: 0, z: 0}
--- !u!4 &4475978209211622
Transform:
  m_ObjectHideFlags: 1
  m_PrefabParentObject: {fileID: 0}
  m_PrefabInternal: {fileID: 100100000}
  m_GameObject: {fileID: 1597693598348836}
  m_LocalRotation: {x: -0.5911119, y: 0.80175626, z: -0.054177213, w: 0.06955919}
  m_LocalPosition: {x: 0.12813331, y: 0.03249336, z: 0.14481686}
  m_LocalScale: {x: 1.0000001, y: 1.0000004, z: 1}
  m_Children:
  - {fileID: 4195395261482122}
  m_Father: {fileID: 4779292891142774}
  m_RootOrder: 0
  m_LocalEulerAnglesHint: {x: 0, y: 0, z: 0}
--- !u!4 &4495337703139286
Transform:
  m_ObjectHideFlags: 1
  m_PrefabParentObject: {fileID: 0}
  m_PrefabInternal: {fileID: 100100000}
  m_GameObject: {fileID: 1378841166797390}
  m_LocalRotation: {x: -0, y: -0, z: -0, w: 1}
  m_LocalPosition: {x: 0, y: 0.82, z: 1.0699997}
  m_LocalScale: {x: 1, y: 1, z: 1}
  m_Children: []
  m_Father: {fileID: 4749273206168186}
  m_RootOrder: 1
  m_LocalEulerAnglesHint: {x: 0, y: 0, z: 0}
--- !u!4 &4499512293750150
Transform:
  m_ObjectHideFlags: 1
  m_PrefabParentObject: {fileID: 0}
  m_PrefabInternal: {fileID: 100100000}
  m_GameObject: {fileID: 1738598732772854}
  m_LocalRotation: {x: -0, y: -0, z: -0, w: 1}
  m_LocalPosition: {x: 0, y: 0.82, z: 0}
  m_LocalScale: {x: 1, y: 1, z: 1}
  m_Children: []
  m_Father: {fileID: 4749273206168186}
  m_RootOrder: 0
  m_LocalEulerAnglesHint: {x: 0, y: 0, z: 0}
--- !u!4 &4499520353423102
Transform:
  m_ObjectHideFlags: 1
  m_PrefabParentObject: {fileID: 0}
  m_PrefabInternal: {fileID: 100100000}
  m_GameObject: {fileID: 1572652158800366}
  m_LocalRotation: {x: 0.6910932, y: 0.09610167, z: 0.7141998, w: -0.055437565}
  m_LocalPosition: {x: 0.14085278, y: 0.113209225, z: 0.0037203978}
  m_LocalScale: {x: 0.99999994, y: 0.99999994, z: 1.0000001}
  m_Children:
  - {fileID: 4544760848990336}
  m_Father: {fileID: 4029530787443098}
  m_RootOrder: 2
  m_LocalEulerAnglesHint: {x: 0, y: 0, z: 0}
--- !u!4 &4541883928345448
Transform:
  m_ObjectHideFlags: 1
  m_PrefabParentObject: {fileID: 0}
  m_PrefabInternal: {fileID: 100100000}
  m_GameObject: {fileID: 1862797810246444}
  m_LocalRotation: {x: -0.5, y: 0.5, z: 0.49999934, w: 0.50000066}
  m_LocalPosition: {x: -0, y: 0, z: 0}
  m_LocalScale: {x: 1, y: 1, z: 1}
  m_Children:
  - {fileID: 4779292891142774}
  m_Father: {fileID: 4908783738534208}
  m_RootOrder: 0
  m_LocalEulerAnglesHint: {x: 0, y: 0, z: 0}
--- !u!4 &4544760848990336
Transform:
  m_ObjectHideFlags: 1
  m_PrefabParentObject: {fileID: 0}
  m_PrefabInternal: {fileID: 100100000}
  m_GameObject: {fileID: 1571761256768822}
  m_LocalRotation: {x: 0.43264222, y: 0.5420945, z: 0.48305327, w: 0.5344285}
  m_LocalPosition: {x: -0.17774826, y: -0.00000030517577, z: -0.00000015258789}
  m_LocalScale: {x: 1, y: 1.0000005, z: 0.9999999}
  m_Children:
  - {fileID: 4439098816022718}
  m_Father: {fileID: 4499520353423102}
  m_RootOrder: 0
  m_LocalEulerAnglesHint: {x: 0, y: 0, z: 0}
--- !u!4 &4571771379889250
Transform:
  m_ObjectHideFlags: 1
  m_PrefabParentObject: {fileID: 0}
  m_PrefabInternal: {fileID: 100100000}
  m_GameObject: {fileID: 1752348959378770}
  m_LocalRotation: {x: 0.0000003578764, y: -0.0000015557474, z: 0.6189938, w: 0.78539586}
  m_LocalPosition: {x: -0.18409649, y: -0.000000076293944, z: 5.820766e-13}
  m_LocalScale: {x: 1.0000005, y: 1.0000005, z: 1}
  m_Children:
  - {fileID: 4645083095060830}
  - {fileID: 4817135177832962}
  - {fileID: 4235645847619068}
  - {fileID: 4076424527577206}
  - {fileID: 4654009057014868}
  - {fileID: 4888812471965560}
  m_Father: {fileID: 4029530787443098}
  m_RootOrder: 0
  m_LocalEulerAnglesHint: {x: 0, y: 0, z: 0}
--- !u!4 &4597450965314634
Transform:
  m_ObjectHideFlags: 1
  m_PrefabParentObject: {fileID: 0}
  m_PrefabInternal: {fileID: 100100000}
  m_GameObject: {fileID: 1455257527382840}
  m_LocalRotation: {x: 2.2737368e-13, y: -2.2026825e-13, z: 5.00832e-26, w: 1}
  m_LocalPosition: {x: -0.34068546, y: -0.0002707672, z: -0.0000006103521}
  m_LocalScale: {x: 1, y: 1, z: 1}
  m_Children:
  - {fileID: 4029530787443098}
  m_Father: {fileID: 4716650871558282}
  m_RootOrder: 0
  m_LocalEulerAnglesHint: {x: 0, y: 0, z: 0}
--- !u!4 &4609037403335852
Transform:
  m_ObjectHideFlags: 1
  m_PrefabParentObject: {fileID: 0}
  m_PrefabInternal: {fileID: 100100000}
  m_GameObject: {fileID: 1435007834035546}
  m_LocalRotation: {x: -0, y: -0, z: -0, w: 1}
  m_LocalPosition: {x: 0, y: 1.376, z: 0.44400024}
  m_LocalScale: {x: 1, y: 1, z: 1}
  m_Children: []
  m_Father: {fileID: 4749273206168186}
  m_RootOrder: 2
  m_LocalEulerAnglesHint: {x: 0, y: 0, z: 0}
--- !u!4 &4628136053123222
Transform:
  m_ObjectHideFlags: 1
  m_PrefabParentObject: {fileID: 0}
  m_PrefabInternal: {fileID: 100100000}
  m_GameObject: {fileID: 1742783880512552}
  m_LocalRotation: {x: -0.09417409, y: -0.00082223234, z: 0.034961097, w: 0.99494135}
  m_LocalPosition: {x: -0.22370821, y: -0.000000076293944, z: -0.0000009059906}
  m_LocalScale: {x: 0.9999997, y: 0.9999999, z: 0.99999976}
  m_Children:
  - {fileID: 4084095411187066}
  m_Father: {fileID: 4148335909381532}
  m_RootOrder: 0
  m_LocalEulerAnglesHint: {x: 0, y: 0, z: 0}
--- !u!4 &4633539239634088
Transform:
  m_ObjectHideFlags: 1
  m_PrefabParentObject: {fileID: 0}
  m_PrefabInternal: {fileID: 100100000}
  m_GameObject: {fileID: 1946058976313336}
  m_LocalRotation: {x: -0.7071068, y: -0, z: -0, w: 0.7071068}
  m_LocalPosition: {x: 0, y: 0, z: 0}
  m_LocalScale: {x: 1, y: 1, z: 1}
  m_Children: []
  m_Father: {fileID: 4749273206168186}
  m_RootOrder: 3
  m_LocalEulerAnglesHint: {x: 0, y: 0, z: 0}
--- !u!4 &4637919756039528
Transform:
  m_ObjectHideFlags: 1
  m_PrefabParentObject: {fileID: 0}
  m_PrefabInternal: {fileID: 100100000}
  m_GameObject: {fileID: 1163210678638156}
  m_LocalRotation: {x: -0.69109297, y: -0.09610382, z: 0.7142, w: -0.055435225}
  m_LocalPosition: {x: 0.14085278, y: 0.11320892, z: -0.0037197876}
  m_LocalScale: {x: 1, y: 1, z: 1}
  m_Children:
  - {fileID: 4096550219353928}
  m_Father: {fileID: 4029530787443098}
  m_RootOrder: 1
  m_LocalEulerAnglesHint: {x: 0, y: 0, z: 0}
--- !u!4 &4642305810168648
Transform:
  m_ObjectHideFlags: 1
  m_PrefabParentObject: {fileID: 0}
  m_PrefabInternal: {fileID: 100100000}
  m_GameObject: {fileID: 1208515688114092}
  m_LocalRotation: {x: -0.0000000707805, y: -0.000000023632305, z: -0.00000019015711,
    w: 1}
  m_LocalPosition: {x: -0.20100024, y: -0.19300069, z: 0}
  m_LocalScale: {x: 1, y: 1, z: 1}
  m_Children: []
  m_Father: {fileID: 4469240364147640}
  m_RootOrder: 0
  m_LocalEulerAnglesHint: {x: 0, y: 0, z: 0}
--- !u!4 &4645083095060830
Transform:
  m_ObjectHideFlags: 1
  m_PrefabParentObject: {fileID: 0}
  m_PrefabInternal: {fileID: 100100000}
  m_GameObject: {fileID: 1562502622008544}
  m_LocalRotation: {x: -0.3495837, y: 0.21530788, z: 0.33597717, w: 0.84767514}
  m_LocalPosition: {x: -0.07350143, y: 0.10864364, z: 0.15024692}
  m_LocalScale: {x: 1.0000002, y: 1.0000005, z: 1.0000001}
  m_Children: []
  m_Father: {fileID: 4571771379889250}
  m_RootOrder: 0
  m_LocalEulerAnglesHint: {x: 0, y: 0, z: 0}
--- !u!4 &4647539365064268
Transform:
  m_ObjectHideFlags: 1
  m_PrefabParentObject: {fileID: 0}
  m_PrefabInternal: {fileID: 100100000}
  m_GameObject: {fileID: 1705329543942058}
  m_LocalRotation: {x: -0.5142865, y: -0.51428777, z: 0.48529243, w: -0.48529255}
  m_LocalPosition: {x: -0.061, y: -0.1317, z: -0.0276}
  m_LocalScale: {x: 1, y: 1, z: 1}
  m_Children: []
  m_Father: {fileID: 4469240364147640}
  m_RootOrder: 1
  m_LocalEulerAnglesHint: {x: 0, y: 0, z: 0}
--- !u!4 &4654009057014868
Transform:
  m_ObjectHideFlags: 1
  m_PrefabParentObject: {fileID: 0}
  m_PrefabInternal: {fileID: 100100000}
  m_GameObject: {fileID: 1598645120055048}
  m_LocalRotation: {x: 0.0000010145491, y: 0.0000035091255, z: -0.8146913, w: 0.5798949}
  m_LocalPosition: {x: 0.15575165, y: 0.17673644, z: 0.00000061035126}
  m_LocalScale: {x: 1.0000001, y: 1.0000001, z: 1}
  m_Children: []
  m_Father: {fileID: 4571771379889250}
  m_RootOrder: 4
  m_LocalEulerAnglesHint: {x: 0, y: 0, z: 0}
--- !u!4 &4657276258337412
Transform:
  m_ObjectHideFlags: 1
  m_PrefabParentObject: {fileID: 0}
  m_PrefabInternal: {fileID: 100100000}
  m_GameObject: {fileID: 1336707915158056}
  m_LocalRotation: {x: 0.49697256, y: 0.49697202, z: 0.5030101, w: -0.5030089}
  m_LocalPosition: {x: -0.072, y: 0.105, z: -0.002}
  m_LocalScale: {x: 1, y: 1, z: 1}
  m_Children: []
  m_Father: {fileID: 4901416624727826}
  m_RootOrder: 0
  m_LocalEulerAnglesHint: {x: 0, y: 0, z: 0}
--- !u!4 &4667990771809374
Transform:
  m_ObjectHideFlags: 1
  m_PrefabParentObject: {fileID: 0}
  m_PrefabInternal: {fileID: 100100000}
  m_GameObject: {fileID: 1933665386758616}
  m_LocalRotation: {x: -2.698351e-13, y: -0.0000026688704, z: 0.9622404, w: -0.27220112}
  m_LocalPosition: {x: 0.27283552, y: -0.09677963, z: -0.00000030517666}
  m_LocalScale: {x: 1.0000002, y: 1.0000002, z: 1}
  m_Children:
  - {fileID: 4761001334021180}
  m_Father: {fileID: 4779292891142774}
  m_RootOrder: 3
  m_LocalEulerAnglesHint: {x: 0, y: 0, z: 0}
--- !u!4 &4695528639730796
Transform:
  m_ObjectHideFlags: 1
  m_PrefabParentObject: {fileID: 0}
  m_PrefabInternal: {fileID: 100100000}
  m_GameObject: {fileID: 1568099766031744}
  m_LocalRotation: {x: -0, y: -0, z: 1.1368683e-12, w: 1}
  m_LocalPosition: {x: 0, y: 0.248, z: -0}
  m_LocalScale: {x: 1, y: 1, z: 1}
  m_Children: []
  m_Father: {fileID: 4467713358899996}
  m_RootOrder: 0
  m_LocalEulerAnglesHint: {x: 0, y: -85, z: -90}
--- !u!4 &4716650871558282
Transform:
  m_ObjectHideFlags: 1
  m_PrefabParentObject: {fileID: 0}
  m_PrefabInternal: {fileID: 100100000}
  m_GameObject: {fileID: 1547400172290238}
  m_LocalRotation: {x: 2.2737368e-13, y: -1.6342483e-13, z: 3.7158507e-26, w: 1}
  m_LocalPosition: {x: -0.34068528, y: -0.00027175903, z: 0.000000610351}
  m_LocalScale: {x: 1, y: 1, z: 1}
  m_Children:
  - {fileID: 4597450965314634}
  - {fileID: 4467713358899996}
  m_Father: {fileID: 4779292891142774}
  m_RootOrder: 2
  m_LocalEulerAnglesHint: {x: 0, y: 0, z: 0}
--- !u!4 &4724470601949084
Transform:
  m_ObjectHideFlags: 1
  m_PrefabParentObject: {fileID: 0}
  m_PrefabInternal: {fileID: 100100000}
  m_GameObject: {fileID: 1660156187969492}
  m_LocalRotation: {x: -0.000000007146232, y: -0.0000000021109448, z: 0.26827395,
    w: 0.96334267}
  m_LocalPosition: {x: -0.34425998, y: -0.000000114440915, z: 0.00000017166137}
  m_LocalScale: {x: 0.9999999, y: 0.9999996, z: 1.0000001}
  m_Children:
  - {fileID: 4910495177470966}
  m_Father: {fileID: 4180222680698312}
  m_RootOrder: 0
  m_LocalEulerAnglesHint: {x: 0, y: 0, z: 0}
--- !u!4 &4728160825654702
Transform:
  m_ObjectHideFlags: 1
  m_PrefabParentObject: {fileID: 0}
  m_PrefabInternal: {fileID: 100100000}
  m_GameObject: {fileID: 1651148705704892}
  m_LocalRotation: {x: -0, y: -0.53729963, z: -0, w: 0.8433915}
  m_LocalPosition: {x: 0.5799999, y: 0, z: 0.1800003}
  m_LocalScale: {x: 1, y: 1, z: 1}
  m_Children: []
  m_Father: {fileID: 4097681879945146}
  m_RootOrder: 0
  m_LocalEulerAnglesHint: {x: 0, y: -65, z: 0}
--- !u!4 &4749273206168186
Transform:
  m_ObjectHideFlags: 1
  m_PrefabParentObject: {fileID: 0}
  m_PrefabInternal: {fileID: 100100000}
  m_GameObject: {fileID: 1839900965448946}
  m_LocalRotation: {x: -0, y: -0, z: -0, w: 1}
  m_LocalPosition: {x: -33.211, y: 0, z: 17.988249}
  m_LocalScale: {x: 1.1, y: 1.1, z: 1.1}
  m_Children:
  - {fileID: 4499512293750150}
  - {fileID: 4495337703139286}
  - {fileID: 4609037403335852}
  - {fileID: 4633539239634088}
  - {fileID: 4908783738534208}
  - {fileID: 4097681879945146}
  m_Father: {fileID: 0}
  m_RootOrder: 0
  m_LocalEulerAnglesHint: {x: 0, y: 0, z: 0}
--- !u!4 &4761001334021180
Transform:
  m_ObjectHideFlags: 1
  m_PrefabParentObject: {fileID: 0}
  m_PrefabInternal: {fileID: 100100000}
  m_GameObject: {fileID: 1686187106179594}
  m_LocalRotation: {x: 3.3759413e-13, y: -0.00000057213816, z: 0.20628002, w: 0.97849303}
  m_LocalPosition: {x: -0.11056927, y: -0.00019187927, z: 0}
  m_LocalScale: {x: 1, y: 1, z: 1}
  m_Children:
  - {fileID: 4357898814022514}
  m_Father: {fileID: 4667990771809374}
  m_RootOrder: 0
  m_LocalEulerAnglesHint: {x: 0, y: 0, z: 0}
--- !u!4 &4762539162233102
Transform:
  m_ObjectHideFlags: 1
  m_PrefabParentObject: {fileID: 0}
  m_PrefabInternal: {fileID: 100100000}
  m_GameObject: {fileID: 1793948045863940}
  m_LocalRotation: {x: -6.0145285e-15, y: 0.0000009454906, z: -0.34088928, w: 0.9401035}
  m_LocalPosition: {x: -0.19669731, y: -0.000119094846, z: -4.3655745e-13}
  m_LocalScale: {x: 0.9999999, y: 0.9999999, z: 1}
  m_Children:
  - {fileID: 4199174332951244}
  m_Father: {fileID: 4950437310611510}
  m_RootOrder: 0
  m_LocalEulerAnglesHint: {x: 0, y: 0, z: 0}
--- !u!4 &4779292891142774
Transform:
  m_ObjectHideFlags: 1
  m_PrefabParentObject: {fileID: 0}
  m_PrefabInternal: {fileID: 100100000}
  m_GameObject: {fileID: 1714871819602010}
  m_LocalRotation: {x: -0.0000019872725, y: 0.0000009802503, z: -0.6875386, w: 0.7261479}
  m_LocalPosition: {x: -0.03943962, y: 0.12616862, z: -0.0000003051757}
  m_LocalScale: {x: 1, y: 1, z: 1}
  m_Children:
  - {fileID: 4475978209211622}
  - {fileID: 4180222680698312}
  - {fileID: 4716650871558282}
  - {fileID: 4667990771809374}
  m_Father: {fileID: 4541883928345448}
  m_RootOrder: 0
  m_LocalEulerAnglesHint: {x: 0, y: 0, z: 0}
--- !u!4 &4803644382289790
Transform:
  m_ObjectHideFlags: 1
  m_PrefabParentObject: {fileID: 0}
  m_PrefabInternal: {fileID: 100100000}
  m_GameObject: {fileID: 1626451102476876}
  m_LocalRotation: {x: 0, y: -0.9374492, z: 0, w: 0.34812212}
  m_LocalPosition: {x: 0.53, y: 0, z: 0.99}
  m_LocalScale: {x: 1.0000004, y: 1, z: 1.0000004}
  m_Children: []
  m_Father: {fileID: 4097681879945146}
  m_RootOrder: 4
  m_LocalEulerAnglesHint: {x: 0, y: -139.255, z: 0}
--- !u!4 &4817135177832962
Transform:
  m_ObjectHideFlags: 1
  m_PrefabParentObject: {fileID: 0}
  m_PrefabInternal: {fileID: 100100000}
  m_GameObject: {fileID: 1682650727148300}
  m_LocalRotation: {x: 0.3495834, y: -0.21530956, z: 0.33597642, w: 0.8476751}
  m_LocalPosition: {x: -0.07350143, y: 0.1086444, z: -0.15024701}
  m_LocalScale: {x: 1.0000002, y: 1.0000002, z: 1.0000001}
  m_Children: []
  m_Father: {fileID: 4571771379889250}
  m_RootOrder: 1
  m_LocalEulerAnglesHint: {x: 0, y: 0, z: 0}
--- !u!4 &4817403115587528
Transform:
  m_ObjectHideFlags: 1
  m_PrefabParentObject: {fileID: 0}
  m_PrefabInternal: {fileID: 100100000}
  m_GameObject: {fileID: 1991569431599192}
  m_LocalRotation: {x: 0.4178189, y: 0.0905138, z: 0.038548063, w: 0.9031881}
  m_LocalPosition: {x: -0.413, y: -0.151, z: 0.047}
  m_LocalScale: {x: 1, y: 1, z: 1}
  m_Children: []
  m_Father: {fileID: 4467713358899996}
  m_RootOrder: 2
  m_LocalEulerAnglesHint: {x: 48.397003, y: 17.143002, z: 12.6380005}
--- !u!4 &4819124502784108
Transform:
  m_ObjectHideFlags: 1
  m_PrefabParentObject: {fileID: 0}
  m_PrefabInternal: {fileID: 100100000}
  m_GameObject: {fileID: 1284640612144174}
  m_LocalRotation: {x: -0, y: 0.93814504, z: -0, w: 0.34624258}
  m_LocalPosition: {x: -0.589, y: 0, z: 1.022}
  m_LocalScale: {x: 1, y: 1, z: 1}
  m_Children: []
  m_Father: {fileID: 4097681879945146}
  m_RootOrder: 3
  m_LocalEulerAnglesHint: {x: 0, y: 139.255, z: 0}
--- !u!4 &4819724125674478
Transform:
  m_ObjectHideFlags: 1
  m_PrefabParentObject: {fileID: 0}
  m_PrefabInternal: {fileID: 100100000}
  m_GameObject: {fileID: 1610619135178866}
  m_LocalRotation: {x: 0, y: 0.53729963, z: 0, w: 0.8433915}
  m_LocalPosition: {x: -0.58, y: 0, z: 0.18}
  m_LocalScale: {x: 1, y: 1, z: 1}
  m_Children: []
  m_Father: {fileID: 4097681879945146}
  m_RootOrder: 1
  m_LocalEulerAnglesHint: {x: 0, y: 65, z: 0}
--- !u!4 &4888812471965560
Transform:
  m_ObjectHideFlags: 1
  m_PrefabParentObject: {fileID: 0}
  m_PrefabInternal: {fileID: 100100000}
  m_GameObject: {fileID: 1682537296167278}
  m_LocalRotation: {x: 0.00000006082051, y: 7.507877e-10, z: -0.000000089406406, w: 1}
  m_LocalPosition: {x: 0.19299991, y: 0.5270009, z: 0}
  m_LocalScale: {x: 1, y: 1, z: 1}
  m_Children: []
  m_Father: {fileID: 4571771379889250}
  m_RootOrder: 5
  m_LocalEulerAnglesHint: {x: 0, y: 0, z: 0}
--- !u!4 &4901416624727826
Transform:
  m_ObjectHideFlags: 1
  m_PrefabParentObject: {fileID: 0}
  m_PrefabInternal: {fileID: 100100000}
  m_GameObject: {fileID: 1809992863855288}
  m_LocalRotation: {x: 0.094174094, y: 0.0008221449, z: 0.034961097, w: 0.99494135}
  m_LocalPosition: {x: -0.22370818, y: -0.000000038146972, z: -0.0000003147125}
  m_LocalScale: {x: 0.9999997, y: 1.0000004, z: 1.0000001}
  m_Children:
  - {fileID: 4657276258337412}
  m_Father: {fileID: 4910495177470966}
  m_RootOrder: 0
  m_LocalEulerAnglesHint: {x: 0, y: 0, z: 0}
--- !u!4 &4908783738534208
Transform:
  m_ObjectHideFlags: 1
  m_PrefabParentObject: {fileID: 0}
  m_PrefabInternal: {fileID: 100100000}
  m_GameObject: {fileID: 1136886957723886}
  m_LocalRotation: {x: -0.50000036, y: 0.49999967, z: 0.49999967, w: 0.50000036}
  m_LocalPosition: {x: 0, y: 0.8549313, z: 0}
  m_LocalScale: {x: 1, y: 1, z: 1}
  m_Children:
  - {fileID: 4541883928345448}
  m_Father: {fileID: 4749273206168186}
  m_RootOrder: 4
  m_LocalEulerAnglesHint: {x: 0, y: 0, z: 0}
--- !u!4 &4910495177470966
Transform:
  m_ObjectHideFlags: 1
  m_PrefabParentObject: {fileID: 0}
  m_PrefabInternal: {fileID: 100100000}
  m_GameObject: {fileID: 1704052851290984}
  m_LocalRotation: {x: 6.6484357e-10, y: 0.0000000037929344, z: -0.41641548, w: 0.90917444}
  m_LocalPosition: {x: -0.2566163, y: -0.00000015258789, z: 0.00000029563904}
  m_LocalScale: {x: 1.0000004, y: 1.0000001, z: 1.0000004}
  m_Children:
  - {fileID: 4901416624727826}
  m_Father: {fileID: 4724470601949084}
  m_RootOrder: 0
  m_LocalEulerAnglesHint: {x: 0, y: 0, z: 0}
--- !u!4 &4932742429978926
Transform:
  m_ObjectHideFlags: 1
  m_PrefabParentObject: {fileID: 0}
  m_PrefabInternal: {fileID: 100100000}
  m_GameObject: {fileID: 1794504147221972}
  m_LocalRotation: {x: 0, y: 0, z: 0, w: 1}
  m_LocalPosition: {x: 0.595, y: 0.193, z: 0.517}
  m_LocalScale: {x: 1, y: 1, z: 1}
  m_Children: []
  m_Father: {fileID: 4467713358899996}
  m_RootOrder: 4
  m_LocalEulerAnglesHint: {x: 0, y: 0, z: 0}
--- !u!4 &4950437310611510
Transform:
  m_ObjectHideFlags: 1
  m_PrefabParentObject: {fileID: 0}
  m_PrefabInternal: {fileID: 100100000}
  m_GameObject: {fileID: 1418271340802732}
  m_LocalRotation: {x: -1.861841e-14, y: 0.00000043618024, z: -0.15726145, w: 0.987557}
  m_LocalPosition: {x: -0.2561083, y: -0.0001486969, z: -1.4551915e-13}
  m_LocalScale: {x: 1, y: 1, z: 1}
  m_Children:
  - {fileID: 4762539162233102}
  m_Father: {fileID: 4357898814022514}
  m_RootOrder: 0
  m_LocalEulerAnglesHint: {x: 0, y: 0, z: 0}
--- !u!4 &4979731075978650
Transform:
  m_ObjectHideFlags: 1
  m_PrefabParentObject: {fileID: 0}
  m_PrefabInternal: {fileID: 100100000}
  m_GameObject: {fileID: 1973843764753022}
  m_LocalRotation: {x: -0.5142865, y: -0.51428777, z: 0.48529243, w: -0.48529255}
  m_LocalPosition: {x: -0.061, y: -0.1317, z: 0.0276}
  m_LocalScale: {x: 1, y: 1, z: 1}
  m_Children: []
  m_Father: {fileID: 4453732518581414}
  m_RootOrder: 1
  m_LocalEulerAnglesHint: {x: 0, y: 0, z: 0}
--- !u!54 &54059774345684524
Rigidbody:
  m_ObjectHideFlags: 1
  m_PrefabParentObject: {fileID: 0}
  m_PrefabInternal: {fileID: 100100000}
  m_GameObject: {fileID: 1839900965448946}
  serializedVersion: 2
  m_Mass: 100
  m_Drag: 0
  m_AngularDrag: 0
  m_UseGravity: 1
  m_IsKinematic: 0
  m_Interpolate: 0
  m_Constraints: 116
  m_CollisionDetection: 0
--- !u!65 &65095886567590992
BoxCollider:
  m_ObjectHideFlags: 1
  m_PrefabParentObject: {fileID: 0}
  m_PrefabInternal: {fileID: 100100000}
  m_GameObject: {fileID: 1610619135178866}
  m_Material: {fileID: 0}
  m_IsTrigger: 1
  m_Enabled: 1
  serializedVersion: 2
  m_Size: {x: 0.6999998, y: 1.4159226, z: 0.69756603}
  m_Center: {x: 0.00014769724, y: 0.70078224, z: -0.006822668}
--- !u!65 &65166556118180738
BoxCollider:
  m_ObjectHideFlags: 1
  m_PrefabParentObject: {fileID: 0}
  m_PrefabInternal: {fileID: 100100000}
  m_GameObject: {fileID: 1559526083067988}
  m_Material: {fileID: 0}
  m_IsTrigger: 1
  m_Enabled: 1
  serializedVersion: 2
  m_Size: {x: 0.69, y: 1.4159231, z: 0.67}
  m_Center: {x: 0.00013095136, y: 0.7007824, z: 0.00024190545}
--- !u!65 &65275925994800432
BoxCollider:
  m_ObjectHideFlags: 1
  m_PrefabParentObject: {fileID: 0}
  m_PrefabInternal: {fileID: 100100000}
  m_GameObject: {fileID: 1626451102476876}
  m_Material: {fileID: 0}
  m_IsTrigger: 1
  m_Enabled: 1
  serializedVersion: 2
  m_Size: {x: 0.75, y: 1.4159231, z: 0.78095335}
  m_Center: {x: 0.00009778292, y: 0.70078284, z: 0.010243134}
--- !u!65 &65287308662967076
BoxCollider:
  m_ObjectHideFlags: 1
  m_PrefabParentObject: {fileID: 0}
  m_PrefabInternal: {fileID: 100100000}
  m_GameObject: {fileID: 1284640612144174}
  m_Material: {fileID: 0}
  m_IsTrigger: 1
  m_Enabled: 1
  serializedVersion: 2
  m_Size: {x: 0.75, y: 1.4159231, z: 0.807124}
  m_Center: {x: 0.00009781138, y: 0.70078284, z: 0.023328794}
--- !u!65 &65366189563445086
BoxCollider:
  m_ObjectHideFlags: 1
  m_PrefabParentObject: {fileID: 0}
  m_PrefabInternal: {fileID: 100100000}
  m_GameObject: {fileID: 1997523755086844}
  m_Material: {fileID: 0}
  m_IsTrigger: 1
  m_Enabled: 1
  serializedVersion: 2
  m_Size: {x: 0.08996612, y: 0.08724604, z: 0.18718809}
  m_Center: {x: 0.08214168, y: -0.091400996, z: 0.1065122}
--- !u!65 &65399186671246900
BoxCollider:
  m_ObjectHideFlags: 1
  m_PrefabParentObject: {fileID: 0}
  m_PrefabInternal: {fileID: 100100000}
  m_GameObject: {fileID: 1991569431599192}
  m_Material: {fileID: 0}
  m_IsTrigger: 1
  m_Enabled: 1
  serializedVersion: 2
  m_Size: {x: 0.08996612, y: 0.08724604, z: 0.18718809}
  m_Center: {x: -0.08214168, y: -0.091400996, z: 0.10651219}
--- !u!65 &65461307787642670
BoxCollider:
  m_ObjectHideFlags: 1
  m_PrefabParentObject: {fileID: 0}
  m_PrefabInternal: {fileID: 100100000}
  m_GameObject: {fileID: 1651148705704892}
  m_Material: {fileID: 0}
  m_IsTrigger: 1
  m_Enabled: 1
  serializedVersion: 2
  m_Size: {x: 0.6999998, y: 1.4159226, z: 0.76350474}
  m_Center: {x: 0.00014772969, y: 0.70078224, z: 0.031525582}
--- !u!95 &95845894418465794
Animator:
  serializedVersion: 3
  m_ObjectHideFlags: 1
  m_PrefabParentObject: {fileID: 0}
  m_PrefabInternal: {fileID: 100100000}
  m_GameObject: {fileID: 1839900965448946}
  m_Enabled: 1
  m_Avatar: {fileID: 9000000, guid: 9f271cac34f8a384fbd96577f2846b24, type: 3}
  m_Controller: {fileID: 9100000, guid: 1b07d5920c405a34db56840e24e9cc55, type: 2}
  m_CullingMode: 1
  m_UpdateMode: 1
  m_ApplyRootMotion: 1
  m_LinearVelocityBlending: 0
  m_WarningMessage: 
  m_HasTransformHierarchy: 1
  m_AllowConstantClipSamplingOptimization: 1
--- !u!114 &114024169819463216
MonoBehaviour:
  m_ObjectHideFlags: 1
  m_PrefabParentObject: {fileID: 0}
  m_PrefabInternal: {fileID: 100100000}
  m_GameObject: {fileID: 1973843764753022}
  m_Enabled: 1
  m_EditorHideFlags: 0
  m_Script: {fileID: 11500000, guid: 0d28118109a4a004ea7f53889baf6f50, type: 3}
  m_Name: 
  m_EditorClassIdentifier: 
  WaitNextStep: 0.2
  StepAudio: {fileID: 0}
--- !u!114 &114137019220615322
MonoBehaviour:
  m_ObjectHideFlags: 1
  m_PrefabParentObject: {fileID: 0}
  m_PrefabInternal: {fileID: 100100000}
  m_GameObject: {fileID: 1705329543942058}
  m_Enabled: 1
  m_EditorHideFlags: 0
  m_Script: {fileID: 11500000, guid: 9b4de088e089c164bb239be84964ea4c, type: 3}
  m_Name: 
  m_EditorClassIdentifier: 
  UseColliders: 1
  gizmoType: 0
  alpha: 0.22
  debugSize: 0.03
  DebugColor: {r: 0, g: 0.91724133, b: 1, a: 1}
  DrawAxis: 0
  AxisSize: 0.3
--- !u!114 &114172277654461726
MonoBehaviour:
  m_ObjectHideFlags: 1
  m_PrefabParentObject: {fileID: 0}
  m_PrefabInternal: {fileID: 100100000}
  m_GameObject: {fileID: 1839900965448946}
  m_Enabled: 0
  m_EditorHideFlags: 0
  m_Script: {fileID: 11500000, guid: 12fd74a46159fd04b9a3d3d643cdb50f, type: 3}
  m_Name: 
  m_EditorClassIdentifier: 
  inputs:
  - active: 1
    name: Jump
    type: 0
    input: Jump
    key: 0
    GetPressed: 0
  - active: 1
    name: Shift
    type: 0
    input: Fire3
    key: 0
    GetPressed: 0
  - active: 1
    name: Attack1
    type: 0
    input: Fire1
    key: 0
    GetPressed: 1
  - active: 1
    name: Speed1
    type: 1
    input: Value
    key: 49
    GetPressed: 0
  - active: 1
    name: Speed2
    type: 1
    input: Value
    key: 50
    GetPressed: 0
  - active: 1
    name: Speed3
    type: 1
    input: Value
    key: 51
    GetPressed: 0
  - active: 1
    name: Action
    type: 1
    input: Value
    key: 101
    GetPressed: 1
  - active: 0
    name: Death
    type: 1
    input: Value
    key: 107
    GetPressed: 1
  ActiveHorizontal: 1
  ActiveVertical: 1
  Horizontal: Horizontal
  Vertical: Vertical
  cameraBaseInput: 0
  alwaysForward: 0
--- !u!114 &114203703365601416
MonoBehaviour:
  m_ObjectHideFlags: 1
  m_PrefabParentObject: {fileID: 0}
  m_PrefabInternal: {fileID: 100100000}
  m_GameObject: {fileID: 1336707915158056}
  m_Enabled: 1
  m_EditorHideFlags: 0
  m_Script: {fileID: 11500000, guid: 0d28118109a4a004ea7f53889baf6f50, type: 3}
  m_Name: 
  m_EditorClassIdentifier: 
  WaitNextStep: 0.2
  StepAudio: {fileID: 0}
--- !u!114 &114204327937701932
MonoBehaviour:
  m_ObjectHideFlags: 1
  m_PrefabParentObject: {fileID: 0}
  m_PrefabInternal: {fileID: 100100000}
  m_GameObject: {fileID: 1682537296167278}
  m_Enabled: 1
  m_EditorHideFlags: 0
  m_Script: {fileID: 11500000, guid: 3ba6a0c4ae41dba499b324d6ba760f90, type: 3}
  m_Name: 
  m_EditorClassIdentifier: 
  index: 1
  damageMultiplier: 1
  PushForce: 0
  debug: 1
  DebugColor: {r: 1, g: 0.25, b: 0, a: 0.15}
--- !u!114 &114204941052228974
MonoBehaviour:
  m_ObjectHideFlags: 1
  m_PrefabParentObject: {fileID: 0}
  m_PrefabInternal: {fileID: 100100000}
  m_GameObject: {fileID: 1559526083067988}
  m_Enabled: 1
  m_EditorHideFlags: 0
  m_Script: {fileID: 11500000, guid: 9b4de088e089c164bb239be84964ea4c, type: 3}
  m_Name: 
  m_EditorClassIdentifier: 
  UseColliders: 1
  gizmoType: 0
  alpha: 0.026
  debugSize: 0.03
  DebugColor: {r: 1, g: 1, b: 1, a: 0.459}
  DrawAxis: 0
  AxisSize: 0.2
--- !u!114 &114217524257944940
MonoBehaviour:
  m_ObjectHideFlags: 1
  m_PrefabParentObject: {fileID: 0}
  m_PrefabInternal: {fileID: 100100000}
  m_GameObject: {fileID: 1651148705704892}
  m_Enabled: 1
  m_EditorHideFlags: 0
  m_Script: {fileID: 11500000, guid: 87dad09d6bc60cf4b9645f97c5680934, type: 3}
  m_Name: 
  m_EditorClassIdentifier: 
  MountAnimation: Mount Animal Right
  DismountID: 2
  Adjustment: {fileID: 11400000, guid: 0837e1db5afd9f643a075b5ea42c4da9, type: 2}
--- !u!114 &114228205947479274
MonoBehaviour:
  m_ObjectHideFlags: 1
  m_PrefabParentObject: {fileID: 0}
  m_PrefabInternal: {fileID: 100100000}
  m_GameObject: {fileID: 1446671391949626}
  m_Enabled: 1
  m_EditorHideFlags: 0
  m_Script: {fileID: 11500000, guid: 0d28118109a4a004ea7f53889baf6f50, type: 3}
  m_Name: 
  m_EditorClassIdentifier: 
  WaitNextStep: 0.2
  StepAudio: {fileID: 0}
--- !u!114 &114263580765919196
MonoBehaviour:
  m_ObjectHideFlags: 1
  m_PrefabParentObject: {fileID: 0}
  m_PrefabInternal: {fileID: 100100000}
  m_GameObject: {fileID: 1991569431599192}
  m_Enabled: 1
  m_EditorHideFlags: 0
  m_Script: {fileID: 11500000, guid: 9b4de088e089c164bb239be84964ea4c, type: 3}
  m_Name: 
  m_EditorClassIdentifier: 
  UseColliders: 1
  gizmoType: 0
  alpha: 0.4
  debugSize: 0.06
  DebugColor: {r: 0, g: 0.54482746, b: 1, a: 1}
  DrawAxis: 0
  AxisSize: 0.3
--- !u!114 &114264287876756420
MonoBehaviour:
  m_ObjectHideFlags: 1
  m_PrefabParentObject: {fileID: 0}
  m_PrefabInternal: {fileID: 100100000}
  m_GameObject: {fileID: 1738598732772854}
  m_Enabled: 1
  m_EditorHideFlags: 0
  m_Script: {fileID: 11500000, guid: a9deb6e7717bd59489eda60ab51b81bb, type: 3}
  m_Name: 
  m_EditorClassIdentifier: 
  pivot: {fileID: 0}
  multiplier: 1.3
  debug: 1
  debugSize: 0.03
  DebugColor: {r: 1, g: 1, b: 0, a: 0.372}
  drawRay: 1
--- !u!114 &114310940667795518
MonoBehaviour:
  m_ObjectHideFlags: 1
  m_PrefabParentObject: {fileID: 0}
  m_PrefabInternal: {fileID: 100100000}
  m_GameObject: {fileID: 1651148705704892}
  m_Enabled: 1
  m_EditorHideFlags: 0
  m_Script: {fileID: 11500000, guid: 9b4de088e089c164bb239be84964ea4c, type: 3}
  m_Name: 
  m_EditorClassIdentifier: 
  UseColliders: 1
  gizmoType: 0
  alpha: 0.026
  debugSize: 0.03
  DebugColor: {r: 1, g: 1, b: 1, a: 0.459}
  DrawAxis: 0
  AxisSize: 0.2
--- !u!114 &114342266005567542
MonoBehaviour:
  m_ObjectHideFlags: 1
  m_PrefabParentObject: {fileID: 0}
  m_PrefabInternal: {fileID: 100100000}
  m_GameObject: {fileID: 1255310425783906}
  m_Enabled: 1
  m_EditorHideFlags: 0
  m_Script: {fileID: 11500000, guid: 9b4de088e089c164bb239be84964ea4c, type: 3}
  m_Name: 
  m_EditorClassIdentifier: 
  UseColliders: 0
  gizmoType: 1
  alpha: 0.4
  debugSize: 0.02
  DebugColor: {r: 0, g: 0.54482746, b: 1, a: 1}
  DrawAxis: 0
  AxisSize: 0.3
--- !u!114 &114406664609713250
MonoBehaviour:
  m_ObjectHideFlags: 1
  m_PrefabParentObject: {fileID: 0}
  m_PrefabInternal: {fileID: 100100000}
  m_GameObject: {fileID: 1626451102476876}
  m_Enabled: 1
  m_EditorHideFlags: 0
  m_Script: {fileID: 11500000, guid: 87dad09d6bc60cf4b9645f97c5680934, type: 3}
  m_Name: 
  m_EditorClassIdentifier: 
  MountAnimation: Mount Animal FrontRight
  DismountID: 2
  Adjustment: {fileID: 11400000, guid: 0837e1db5afd9f643a075b5ea42c4da9, type: 2}
--- !u!114 &114426622020782446
MonoBehaviour:
  m_ObjectHideFlags: 1
  m_PrefabParentObject: {fileID: 0}
  m_PrefabInternal: {fileID: 100100000}
  m_GameObject: {fileID: 1839900965448946}
  m_Enabled: 1
  m_EditorHideFlags: 0
  m_Script: {fileID: 11500000, guid: 334fda2dd5b998e4abb8119d1343346f, type: 3}
  m_Name: 
  m_EditorClassIdentifier: 
  active: 1
  UseCamera: 0
  Target: {fileID: 0}
  LimitAngle: 80
  Smoothness: 5
  UpVector: {x: 0, y: 1, z: 0}
  Bones:
  - bone: {fileID: 4571771379889250}
    offset: {x: 0, y: -90, z: -90}
    weight: 1
  debug: 1
--- !u!114 &114430947415406574
MonoBehaviour:
  m_ObjectHideFlags: 1
  m_PrefabParentObject: {fileID: 0}
  m_PrefabInternal: {fileID: 100100000}
  m_GameObject: {fileID: 1973843764753022}
  m_Enabled: 1
  m_EditorHideFlags: 0
  m_Script: {fileID: 11500000, guid: 9b4de088e089c164bb239be84964ea4c, type: 3}
  m_Name: 
  m_EditorClassIdentifier: 
  UseColliders: 1
  gizmoType: 0
  alpha: 0.22
  debugSize: 0.03
  DebugColor: {r: 0, g: 0.91724133, b: 1, a: 1}
  DrawAxis: 0
  AxisSize: 0.3
--- !u!114 &114461724492595160
MonoBehaviour:
  m_ObjectHideFlags: 1
  m_PrefabParentObject: {fileID: 0}
  m_PrefabInternal: {fileID: 100100000}
  m_GameObject: {fileID: 1016784889833824}
  m_Enabled: 1
  m_EditorHideFlags: 0
  m_Script: {fileID: 11500000, guid: 3ba6a0c4ae41dba499b324d6ba760f90, type: 3}
  m_Name: 
  m_EditorClassIdentifier: 
  index: 2
  damageMultiplier: 1
  PushForce: 0
  debug: 1
  DebugColor: {r: 1, g: 0.25, b: 0, a: 0.15}
--- !u!114 &114492315611303512
MonoBehaviour:
  m_ObjectHideFlags: 1
  m_PrefabParentObject: {fileID: 0}
  m_PrefabInternal: {fileID: 100100000}
  m_GameObject: {fileID: 1839900965448946}
  m_Enabled: 1
  m_EditorHideFlags: 0
  m_Script: {fileID: 11500000, guid: 1f7b187428519474db57076680c22084, type: 3}
  m_Name: 
  m_EditorClassIdentifier: 
  materialList:
  - Name: Skin
    mesh: {fileID: 137290174679187006}
    materials:
    - {fileID: 2100000, guid: ba662bcea71f6454faa6d7b199135f6f, type: 2}
    - {fileID: 2100000, guid: aaa3cabeec623db4ba5f18aa591b4f54, type: 2}
    - {fileID: 2100000, guid: 2e43e7501d02b4b4e9eea2a2f9564c3f, type: 2}
    - {fileID: 2100000, guid: d9685b5649ae5e44c8b91cbe18d21928, type: 2}
    current: 3
    HasLODs: 0
    LODs: []
    indexM: 0
  showMeshesList: 1
--- !u!114 &114498811795184812
MonoBehaviour:
  m_ObjectHideFlags: 1
  m_PrefabParentObject: {fileID: 0}
  m_PrefabInternal: {fileID: 100100000}
  m_GameObject: {fileID: 1626451102476876}
  m_Enabled: 1
  m_EditorHideFlags: 0
  m_Script: {fileID: 11500000, guid: 9b4de088e089c164bb239be84964ea4c, type: 3}
  m_Name: 
  m_EditorClassIdentifier: 
  UseColliders: 1
  gizmoType: 0
  alpha: 0.026
  debugSize: 0.03
  DebugColor: {r: 1, g: 1, b: 1, a: 0.459}
  DrawAxis: 0
  AxisSize: 0.2
--- !u!114 &114596720523677958
MonoBehaviour:
  m_ObjectHideFlags: 1
  m_PrefabParentObject: {fileID: 0}
  m_PrefabInternal: {fileID: 100100000}
  m_GameObject: {fileID: 1435007834035546}
  m_Enabled: 1
  m_EditorHideFlags: 0
  m_Script: {fileID: 11500000, guid: a9deb6e7717bd59489eda60ab51b81bb, type: 3}
  m_Name: 
  m_EditorClassIdentifier: 
  pivot: {fileID: 0}
  multiplier: 1
  debug: 1
  debugSize: 0.03
  DebugColor: {r: 0, g: 0.66896534, b: 1, a: 1}
  drawRay: 1
--- !u!114 &114612111930271886
MonoBehaviour:
  m_ObjectHideFlags: 1
  m_PrefabParentObject: {fileID: 0}
  m_PrefabInternal: {fileID: 100100000}
  m_GameObject: {fileID: 1705329543942058}
  m_Enabled: 1
  m_EditorHideFlags: 0
  m_Script: {fileID: 11500000, guid: 0d28118109a4a004ea7f53889baf6f50, type: 3}
  m_Name: 
  m_EditorClassIdentifier: 
  WaitNextStep: 0.2
  StepAudio: {fileID: 0}
--- !u!114 &114623890790486662
MonoBehaviour:
  m_ObjectHideFlags: 1
  m_PrefabParentObject: {fileID: 0}
  m_PrefabInternal: {fileID: 100100000}
  m_GameObject: {fileID: 1610619135178866}
  m_Enabled: 1
  m_EditorHideFlags: 0
  m_Script: {fileID: 11500000, guid: 87dad09d6bc60cf4b9645f97c5680934, type: 3}
  m_Name: 
  m_EditorClassIdentifier: 
  MountAnimation: Mount Animal Left
  DismountID: 1
  Adjustment: {fileID: 11400000, guid: 0837e1db5afd9f643a075b5ea42c4da9, type: 2}
--- !u!114 &114659066514121110
MonoBehaviour:
  m_ObjectHideFlags: 1
  m_PrefabParentObject: {fileID: 0}
  m_PrefabInternal: {fileID: 100100000}
  m_GameObject: {fileID: 1284640612144174}
  m_Enabled: 1
  m_EditorHideFlags: 0
  m_Script: {fileID: 11500000, guid: 9b4de088e089c164bb239be84964ea4c, type: 3}
  m_Name: 
  m_EditorClassIdentifier: 
  UseColliders: 1
  gizmoType: 0
  alpha: 0.026
  debugSize: 0.03
  DebugColor: {r: 1, g: 1, b: 1, a: 0.459}
  DrawAxis: 0
  AxisSize: 0.2
--- !u!114 &114663249027736588
MonoBehaviour:
  m_ObjectHideFlags: 1
  m_PrefabParentObject: {fileID: 0}
  m_PrefabInternal: {fileID: 100100000}
  m_GameObject: {fileID: 1559526083067988}
  m_Enabled: 1
  m_EditorHideFlags: 0
  m_Script: {fileID: 11500000, guid: 87dad09d6bc60cf4b9645f97c5680934, type: 3}
  m_Name: 
  m_EditorClassIdentifier: 
  MountAnimation: Mount Animal Back
  DismountID: 1
  Adjustment: {fileID: 11400000, guid: 0837e1db5afd9f643a075b5ea42c4da9, type: 2}
--- !u!114 &114685468030135016
MonoBehaviour:
  m_ObjectHideFlags: 1
  m_PrefabParentObject: {fileID: 0}
  m_PrefabInternal: {fileID: 100100000}
  m_GameObject: {fileID: 1378841166797390}
  m_Enabled: 1
  m_EditorHideFlags: 0
  m_Script: {fileID: 11500000, guid: a9deb6e7717bd59489eda60ab51b81bb, type: 3}
  m_Name: 
  m_EditorClassIdentifier: 
  pivot: {fileID: 4029530787443098}
  multiplier: 1.49
  debug: 1
  debugSize: 0.03
  DebugColor: {r: 1, g: 1, b: 0, a: 0.372}
  drawRay: 1
--- !u!114 &114690479511691662
MonoBehaviour:
  m_ObjectHideFlags: 1
  m_PrefabParentObject: {fileID: 0}
  m_PrefabInternal: {fileID: 100100000}
  m_GameObject: {fileID: 1568099766031744}
  m_Enabled: 1
  m_EditorHideFlags: 0
  m_Script: {fileID: 11500000, guid: 9b4de088e089c164bb239be84964ea4c, type: 3}
  m_Name: 
  m_EditorClassIdentifier: 
  UseColliders: 0
  gizmoType: 0
  alpha: 0.4
  debugSize: 0.05
  DebugColor: {r: 1, g: 0, b: 0, a: 1}
  DrawAxis: 0
  AxisSize: 0.3
--- !u!114 &114741998597958070
MonoBehaviour:
  m_ObjectHideFlags: 1
  m_PrefabParentObject: {fileID: 0}
  m_PrefabInternal: {fileID: 100100000}
  m_GameObject: {fileID: 1284640612144174}
  m_Enabled: 1
  m_EditorHideFlags: 0
  m_Script: {fileID: 11500000, guid: 87dad09d6bc60cf4b9645f97c5680934, type: 3}
  m_Name: 
  m_EditorClassIdentifier: 
  MountAnimation: Mount Animal FrontLeft
  DismountID: 1
  Adjustment: {fileID: 11400000, guid: 0837e1db5afd9f643a075b5ea42c4da9, type: 2}
--- !u!114 &114767427892328400
MonoBehaviour:
  m_ObjectHideFlags: 1
  m_PrefabParentObject: {fileID: 0}
  m_PrefabInternal: {fileID: 100100000}
  m_GameObject: {fileID: 1336707915158056}
  m_Enabled: 1
  m_EditorHideFlags: 0
  m_Script: {fileID: 11500000, guid: 9b4de088e089c164bb239be84964ea4c, type: 3}
  m_Name: 
  m_EditorClassIdentifier: 
  UseColliders: 1
  gizmoType: 0
  alpha: 0.22
  debugSize: 0.03
  DebugColor: {r: 0, g: 0.91724133, b: 1, a: 1}
  DrawAxis: 0
  AxisSize: 0.3
--- !u!114 &114772112281864684
MonoBehaviour:
  m_ObjectHideFlags: 1
  m_PrefabParentObject: {fileID: 0}
  m_PrefabInternal: {fileID: 100100000}
  m_GameObject: {fileID: 1997523755086844}
  m_Enabled: 1
  m_EditorHideFlags: 0
  m_Script: {fileID: 11500000, guid: 9b4de088e089c164bb239be84964ea4c, type: 3}
  m_Name: 
  m_EditorClassIdentifier: 
  UseColliders: 1
  gizmoType: 0
  alpha: 0.4
  debugSize: 0.06
  DebugColor: {r: 0, g: 1, b: 0, a: 1}
  DrawAxis: 0
  AxisSize: 0.3
--- !u!114 &114776493249221214
MonoBehaviour:
  m_ObjectHideFlags: 1
  m_PrefabParentObject: {fileID: 0}
  m_PrefabInternal: {fileID: 100100000}
  m_GameObject: {fileID: 1794504147221972}
  m_Enabled: 1
  m_EditorHideFlags: 0
  m_Script: {fileID: 11500000, guid: 9b4de088e089c164bb239be84964ea4c, type: 3}
  m_Name: 
  m_EditorClassIdentifier: 
  UseColliders: 0
  gizmoType: 1
  alpha: 0.4
  debugSize: 0.02
  DebugColor: {r: 0, g: 1, b: 0, a: 1}
  DrawAxis: 0
  AxisSize: 0.3
--- !u!114 &114782967343310804
MonoBehaviour:
  m_ObjectHideFlags: 1
  m_PrefabParentObject: {fileID: 0}
  m_PrefabInternal: {fileID: 100100000}
  m_GameObject: {fileID: 1446671391949626}
  m_Enabled: 1
  m_EditorHideFlags: 0
  m_Script: {fileID: 11500000, guid: 9b4de088e089c164bb239be84964ea4c, type: 3}
  m_Name: 
  m_EditorClassIdentifier: 
  UseColliders: 1
  gizmoType: 0
  alpha: 0.22
  debugSize: 0.03
  DebugColor: {r: 0, g: 0.91724133, b: 1, a: 1}
  DrawAxis: 0
  AxisSize: 0.3
--- !u!114 &114793318067116916
MonoBehaviour:
  m_ObjectHideFlags: 1
  m_PrefabParentObject: {fileID: 0}
  m_PrefabInternal: {fileID: 100100000}
  m_GameObject: {fileID: 1208515688114092}
  m_Enabled: 1
  m_EditorHideFlags: 0
  m_Script: {fileID: 11500000, guid: 3ba6a0c4ae41dba499b324d6ba760f90, type: 3}
  m_Name: 
  m_EditorClassIdentifier: 
  index: 2
  damageMultiplier: 1
  PushForce: 0
  debug: 1
  DebugColor: {r: 1, g: 0.25, b: 0, a: 0.15}
--- !u!114 &114800347435200106
MonoBehaviour:
  m_ObjectHideFlags: 1
  m_PrefabParentObject: {fileID: 0}
  m_PrefabInternal: {fileID: 100100000}
  m_GameObject: {fileID: 1610619135178866}
  m_Enabled: 1
  m_EditorHideFlags: 0
  m_Script: {fileID: 11500000, guid: 9b4de088e089c164bb239be84964ea4c, type: 3}
  m_Name: 
  m_EditorClassIdentifier: 
  UseColliders: 1
  gizmoType: 0
  alpha: 0.026
  debugSize: 0.03
  DebugColor: {r: 1, g: 1, b: 1, a: 0.459}
  DrawAxis: 1
  AxisSize: 0.2
--- !u!114 &114936990910828090
MonoBehaviour:
  m_ObjectHideFlags: 1
  m_PrefabParentObject: {fileID: 0}
  m_PrefabInternal: {fileID: 100100000}
  m_GameObject: {fileID: 1839900965448946}
  m_Enabled: 1
  m_EditorHideFlags: 0
  m_Script: {fileID: 11500000, guid: bcca5b6ee6006244aadf2a9c6f75f0b3, type: 3}
  m_Name: 
  m_EditorClassIdentifier: 
  active: 1
  mountLayer: Mounted
  instantMount: 0
  mountIdle: Idle01
  straightSpine: 1
  pointOffset: {x: 0, y: 0, z: 0}
  LowLimit: 45
  HighLimit: 135
  smoothSM: 0.5
  syncAnimators: 1
  WalkASpeed: 1
  TrotASpeed: 1
  RunASpeed: 1
  FlyASpeed: 1
  SwimASpeed: 1
  DebugSync: 1
  ridersLink: {fileID: 4695528639730796}
  leftIK: {fileID: 4817403115587528}
  rightIK: {fileID: 4067455285253360}
  leftKnee: {fileID: 4332210173003910}
  rightKnee: {fileID: 4932742429978926}
  OnMounted:
    m_PersistentCalls:
      m_Calls: []
    m_TypeName: UnityEngine.Events.UnityEvent, UnityEngine, Version=0.0.0.0, Culture=neutral,
      PublicKeyToken=null
  OnDismounted:
    m_PersistentCalls:
      m_Calls: []
    m_TypeName: UnityEngine.Events.UnityEvent, UnityEngine, Version=0.0.0.0, Culture=neutral,
      PublicKeyToken=null
  ShowLinks: 1
  ShowAnimatorSpeeds: 1
--- !u!114 &114952531396247802
MonoBehaviour:
  m_ObjectHideFlags: 1
  m_PrefabParentObject: {fileID: 0}
  m_PrefabInternal: {fileID: 100100000}
  m_GameObject: {fileID: 1839900965448946}
  m_Enabled: 1
  m_EditorHideFlags: 0
  m_Script: {fileID: 11500000, guid: 181eb898d7c8aa441b8df05cec988f7d, type: 3}
  m_Name: 
  m_EditorClassIdentifier: 
  Tracks: {fileID: 198000013136168986, guid: b89bf404b651df940b0f4eb9de79a61d, type: 2}
  Dust: {fileID: 198000010737321038, guid: f0e05868b149bf947969b4825ba90440, type: 2}
  StepsVolume: 0.2
  DustParticles: 15
  Scale: {x: 1, y: 1, z: 1}
  clips:
  - {fileID: 8300000, guid: 73addaaa36bc5b4478d7cbee61bd3ad0, type: 3}
  - {fileID: 8300000, guid: 7f5d9f9991c533547a0f2e8dca867933, type: 3}
  - {fileID: 8300000, guid: 50ef9e51d993734499f3ba55391226ec, type: 3}
  - {fileID: 8300000, guid: 272c1b463f5155543881cb12a3fad53b, type: 3}
  - {fileID: 8300000, guid: bbd4941d8f179af4eaa8b0e6f06352a8, type: 3}
  trackOffset: 0.0085
--- !u!114 &114975185533128982
MonoBehaviour:
  m_ObjectHideFlags: 1
  m_PrefabParentObject: {fileID: 0}
  m_PrefabInternal: {fileID: 100100000}
  m_GameObject: {fileID: 1839900965448946}
  m_Enabled: 1
  m_EditorHideFlags: 0
  m_Script: {fileID: 11500000, guid: 2c3a10fa46510904caf0d339cac28562, type: 3}
  m_Name: 
  m_EditorClassIdentifier: 
  animalTypeID: 0
  GroundLayer:
    serializedVersion: 2
    m_Bits: 1
  StartSpeed: 1
  height: 0.82
  walkSpeed:
    position: 0
    animator: 1
    lerpPosition: 8
    lerpAnimator: 4
    rotation: 0
    lerpRotation: 6
  trotSpeed:
    position: 0
    animator: 1
    lerpPosition: 4
    lerpAnimator: 4
    rotation: 0
    lerpRotation: 6
  runSpeed:
    position: 0
    animator: 1
    lerpPosition: 2
    lerpAnimator: 4
    rotation: 0
    lerpRotation: 6
  airRotation: 100
  forwardJumpControl: 0
  smoothJumpForward: 2
  movementS1: 1
  movementS2: 2
  movementS3: 3
  maxAngleSlope: 45
  SlowSlopes: 1
  GotoSleep: 30
  SnapToGround: 30
  FallRayDistance: 0.15
  FallRayMultiplier: 0.7
  TurnMultiplier: 100
  YAxisPositiveMultiplier: 1
  YAxisNegativeMultiplier: 1
  waterLine: -0.2
  swimSpeed:
    position: 0
    animator: 1
    lerpPosition: 4
    lerpAnimator: 4
    rotation: 0
    lerpRotation: 4
  canSwim: 1
  CanGoUnderWater: 0
  bank: 0
  underWaterSpeed:
    position: 0
    animator: 1
    lerpPosition: 4
    lerpAnimator: 4
    rotation: 0
    lerpRotation: 4
  flySpeed:
    position: 0
    animator: 1
    lerpPosition: 4
    lerpAnimator: 4
    rotation: 0
    lerpRotation: 4
  StartFlying: 0
  canFly: 0
  land: 1
  LockUp: 0
  life: 100
  defense: 0
  damageDelay: 0.2
  damageInterrupt: 0.2
  TotalAttacks: 3
  activeAttack: -1
  attackStrength: 10
  attackDelay: 0.5
  inmune: 0
  animatorSpeed: 1
  upDownSmoothness: 2
  debug: 1
  OnJump:
    m_PersistentCalls:
      m_Calls: []
    m_TypeName: UnityEngine.Events.UnityEvent, UnityEngine, Version=0.0.0.0, Culture=neutral,
      PublicKeyToken=null
  OnAttack:
    m_PersistentCalls:
      m_Calls: []
    m_TypeName: UnityEngine.Events.UnityEvent, UnityEngine, Version=0.0.0.0, Culture=neutral,
      PublicKeyToken=null
  OnGetDamaged:
    m_PersistentCalls:
      m_Calls: []
    m_TypeName: MalbersAnimations.Events.FloatEvent, Assembly-CSharp, Version=0.0.0.0,
      Culture=neutral, PublicKeyToken=null
  OnDeathE:
    m_PersistentCalls:
      m_Calls: []
    m_TypeName: UnityEngine.Events.UnityEvent, UnityEngine, Version=0.0.0.0, Culture=neutral,
      PublicKeyToken=null
  OnAction:
    m_PersistentCalls:
      m_Calls: []
    m_TypeName: UnityEngine.Events.UnityEvent, UnityEngine, Version=0.0.0.0, Culture=neutral,
      PublicKeyToken=null
  OnSwim:
    m_PersistentCalls:
      m_Calls: []
    m_TypeName: UnityEngine.Events.UnityEvent, UnityEngine, Version=0.0.0.0, Culture=neutral,
      PublicKeyToken=null
  OnFly:
    m_PersistentCalls:
      m_Calls: []
    m_TypeName: MalbersAnimations.Events.BoolEvent, Assembly-CSharp, Version=0.0.0.0,
      Culture=neutral, PublicKeyToken=null
  OnUnderWater:
    m_PersistentCalls:
      m_Calls: []
    m_TypeName: UnityEngine.Events.UnityEvent, UnityEngine, Version=0.0.0.0, Culture=neutral,
      PublicKeyToken=null
  OnSyncAnimator:
    m_PersistentCalls:
      m_Calls: []
    m_TypeName: UnityEngine.Events.UnityEvent, UnityEngine, Version=0.0.0.0, Culture=neutral,
      PublicKeyToken=null
  EditorGeneral: 1
  EditorGround: 1
  EditorWater: 1
  EditorAir: 1
  EditorAdvanced: 1
  EditorAirControl: 1
  EditorAttributes: 1
  EditorEvents: 1
--- !u!135 &135166431549995360
SphereCollider:
  m_ObjectHideFlags: 1
  m_PrefabParentObject: {fileID: 0}
  m_PrefabInternal: {fileID: 100100000}
  m_GameObject: {fileID: 1208515688114092}
  m_Material: {fileID: 0}
  m_IsTrigger: 1
  m_Enabled: 0
  serializedVersion: 2
  m_Radius: 0.32
  m_Center: {x: 0, y: 0, z: 0}
--- !u!135 &135176346790234584
SphereCollider:
  m_ObjectHideFlags: 1
  m_PrefabParentObject: {fileID: 0}
  m_PrefabInternal: {fileID: 100100000}
  m_GameObject: {fileID: 1446671391949626}
  m_Material: {fileID: 0}
  m_IsTrigger: 1
  m_Enabled: 1
  serializedVersion: 2
  m_Radius: 0.05
  m_Center: {x: 0, y: 0, z: 0}
--- !u!135 &135235899956777048
SphereCollider:
  m_ObjectHideFlags: 1
  m_PrefabParentObject: {fileID: 0}
  m_PrefabInternal: {fileID: 100100000}
  m_GameObject: {fileID: 1016784889833824}
  m_Material: {fileID: 0}
  m_IsTrigger: 1
  m_Enabled: 0
  serializedVersion: 2
  m_Radius: 0.32
  m_Center: {x: 0, y: 0, z: 0}
--- !u!135 &135441183445871740
SphereCollider:
  m_ObjectHideFlags: 1
  m_PrefabParentObject: {fileID: 0}
  m_PrefabInternal: {fileID: 100100000}
  m_GameObject: {fileID: 1336707915158056}
  m_Material: {fileID: 0}
  m_IsTrigger: 1
  m_Enabled: 1
  serializedVersion: 2
  m_Radius: 0.05
  m_Center: {x: 0, y: 0, z: 0}
--- !u!135 &135848769760448030
SphereCollider:
  m_ObjectHideFlags: 1
  m_PrefabParentObject: {fileID: 0}
  m_PrefabInternal: {fileID: 100100000}
  m_GameObject: {fileID: 1705329543942058}
  m_Material: {fileID: 0}
  m_IsTrigger: 1
  m_Enabled: 1
  serializedVersion: 2
  m_Radius: 0.05
  m_Center: {x: 0, y: 0, z: 0}
--- !u!135 &135870804053844398
SphereCollider:
  m_ObjectHideFlags: 1
  m_PrefabParentObject: {fileID: 0}
  m_PrefabInternal: {fileID: 100100000}
  m_GameObject: {fileID: 1973843764753022}
  m_Material: {fileID: 0}
  m_IsTrigger: 1
  m_Enabled: 1
  serializedVersion: 2
  m_Radius: 0.05
  m_Center: {x: 0, y: 0, z: 0}
--- !u!135 &135950523843492564
SphereCollider:
  m_ObjectHideFlags: 1
  m_PrefabParentObject: {fileID: 0}
  m_PrefabInternal: {fileID: 100100000}
  m_GameObject: {fileID: 1682537296167278}
  m_Material: {fileID: 0}
  m_IsTrigger: 1
  m_Enabled: 0
  serializedVersion: 2
  m_Radius: 0.29
  m_Center: {x: 0, y: 0, z: 0}
--- !u!136 &136024322692634506
CapsuleCollider:
  m_ObjectHideFlags: 1
  m_PrefabParentObject: {fileID: 0}
  m_PrefabInternal: {fileID: 100100000}
  m_GameObject: {fileID: 1714871819602010}
  m_Material: {fileID: 13400000, guid: 54174b87a6301064ea8788686f85bda8, type: 2}
  m_IsTrigger: 0
  m_Enabled: 1
  m_Radius: 0.28048673
  m_Height: 0.8670709
  m_Direction: 0
  m_Center: {x: -0.02, y: 0.07, z: 0}
--- !u!136 &136361195918277566
CapsuleCollider:
  m_ObjectHideFlags: 1
  m_PrefabParentObject: {fileID: 0}
  m_PrefabInternal: {fileID: 100100000}
  m_GameObject: {fileID: 1547400172290238}
  m_Material: {fileID: 0}
  m_IsTrigger: 0
  m_Enabled: 1
  m_Radius: 0.33
  m_Height: 0.75
  m_Direction: 0
  m_Center: {x: -0.17, y: 0.1, z: 0}
--- !u!136 &136612569115372216
CapsuleCollider:
  m_ObjectHideFlags: 1
  m_PrefabParentObject: {fileID: 0}
  m_PrefabInternal: {fileID: 100100000}
  m_GameObject: {fileID: 1455257527382840}
  m_Material: {fileID: 0}
  m_IsTrigger: 0
  m_Enabled: 1
  m_Radius: 0.33
  m_Height: 0.75
  m_Direction: 0
  m_Center: {x: -0.17, y: 0.1, z: 0}
--- !u!136 &136971877021873730
CapsuleCollider:
  m_ObjectHideFlags: 1
  m_PrefabParentObject: {fileID: 0}
  m_PrefabInternal: {fileID: 100100000}
  m_GameObject: {fileID: 1752348959378770}
  m_Material: {fileID: 13400000, guid: 54174b87a6301064ea8788686f85bda8, type: 2}
  m_IsTrigger: 0
  m_Enabled: 1
  m_Radius: 0.21
  m_Height: 0.468138
  m_Direction: 1
  m_Center: {x: 0.06, y: 0.16, z: 0}
--- !u!137 &137290174679187006
SkinnedMeshRenderer:
  m_ObjectHideFlags: 1
  m_PrefabParentObject: {fileID: 0}
  m_PrefabInternal: {fileID: 100100000}
  m_GameObject: {fileID: 1946058976313336}
  m_Enabled: 1
  m_CastShadows: 1
  m_ReceiveShadows: 1
  m_MotionVectors: 1
  m_LightProbeUsage: 1
  m_ReflectionProbeUsage: 1
  m_Materials:
  - {fileID: 2100000, guid: d9685b5649ae5e44c8b91cbe18d21928, type: 2}
  m_StaticBatchInfo:
    firstSubMesh: 0
    subMeshCount: 0
  m_StaticBatchRoot: {fileID: 0}
  m_ProbeAnchor: {fileID: 0}
  m_LightProbeVolumeOverride: {fileID: 0}
  m_ScaleInLightmap: 1
  m_PreserveUVs: 0
  m_IgnoreNormalsForChartDetection: 0
  m_ImportantGI: 0
  m_SelectedEditorRenderState: 3
  m_MinimumChartSize: 4
  m_AutoUVMaxDistance: 0.5
  m_AutoUVMaxAngle: 89
  m_LightmapParameters: {fileID: 0}
  m_SortingLayerID: 0
  m_SortingLayer: 0
  m_SortingOrder: 0
  serializedVersion: 2
  m_Quality: 0
  m_UpdateWhenOffscreen: 0
  m_SkinnedMotionVectors: 1
  m_Mesh: {fileID: 4300002, guid: 9f271cac34f8a384fbd96577f2846b24, type: 3}
  m_Bones:
  - {fileID: 4571771379889250}
  - {fileID: 4654009057014868}
  - {fileID: 4029530787443098}
  - {fileID: 4645083095060830}
  - {fileID: 4637919756039528}
  - {fileID: 4235645847619068}
  - {fileID: 4076424527577206}
  - {fileID: 4597450965314634}
  - {fileID: 4096550219353928}
  - {fileID: 4418555650469402}
  - {fileID: 4716650871558282}
  - {fileID: 4499520353423102}
  - {fileID: 4779292891142774}
  - {fileID: 4475978209211622}
  - {fileID: 4195395261482122}
  - {fileID: 4180222680698312}
  - {fileID: 4148335909381532}
  - {fileID: 4761001334021180}
  - {fileID: 4667990771809374}
  - {fileID: 4453732518581414}
  - {fileID: 4724470601949084}
  - {fileID: 4357898814022514}
  - {fileID: 4950437310611510}
  - {fileID: 4762539162233102}
  - {fileID: 4199174332951244}
  - {fileID: 4628136053123222}
  - {fileID: 4544760848990336}
  - {fileID: 4817135177832962}
  - {fileID: 4439098816022718}
  - {fileID: 4910495177470966}
  - {fileID: 4469240364147640}
  - {fileID: 4901416624727826}
  m_BlendShapeWeights: []
  m_RootBone: {fileID: 4779292891142774}
  m_AABB:
    m_Center: {x: -0.14978242, y: 0.3069697, z: -0.0016520917}
    m_Extent: {x: 1.4663227, y: 0.65482587, z: 0.42736873}
  m_DirtyAABB: 0
